% So sieht der Biblatex Eintag für eine Abschlussarbeit aus:
@article{Collaboration_2008,
	doi = {10.1088/1748-0221/3/08/s08003},
	url = {https://doi.org/10.1088/1748-0221/3/08/s08003},
	year = 2008,
	month = {aug},
	publisher = {{IOP} Publishing},
	volume = {3},
	number = {08},
	pages = {S08003--S08003},
	author = {The ATLAS Collaboration and G Aad and E Abat and J Abdallah and A A Abdelalim and A Abdesselam and O Abdinov and B A Abi and M Abolins and H Abramowicz and E Acerbi and B S Acharya and R Achenbach and M Ackers and D L Adams and F Adamyan and T N Addy and M Aderholz and C Adorisio and P Adragna and M Aharrouche and S P Ahlen and F Ahles and A Ahmad and H Ahmed and G Aielli and P F {\AA}kesson and T P A {\AA}kesson and A V Akimov and S M Alam and J Albert and S Albrand and M Aleksa and I N Aleksandrov and M Aleppo and F Alessandria and C Alexa and G Alexander and T Alexopoulos and G Alimonti and M Aliyev and P P Allport and S E Allwood-Spiers and A Aloisio and J Alonso and R Alves and M G Alviggi and K Amako and P Amaral and S P Amaral and G Ambrosini and G Ambrosio and C Amelung and V V Ammosov and A Amorim and N Amram and C Anastopoulos and B Anderson and K J Anderson and E C Anderssen and A Andreazza and V Andrei and L Andricek and M-L Andrieux and X S Anduaga and F Anghinolfi and A Antonaki and M Antonelli and S Antonelli and R Apsimon and G Arabidze and I Aracena and Y Arai and A T H Arce and J P Archambault and J-F Arguin and E Arik and M Arik and K E Arms and S R Armstrong and M Arnaud and C Arnault and A Artamonov and S Asai and S Ask and B {\AA}sman and D Asner and L Asquith and K Assamagan and A Astbury and B Athar and T Atkinson and B Aubert and B Auerbach and E Auge and K Augsten and V M Aulchenko and N Austin and G Avolio and R Avramidou and A Axen and C Ay and G Azuelos and G Baccaglioni and C Bacci and H Bachacou and K Bachas and G Bachy and E Badescu and P Bagnaia and D C Bailey and J T Baines and O K Baker and F Ballester and F Baltasar Dos Santos Pedrosa and E Banas and D Banfi and A Bangert and V Bansal and S P Baranov and S Baranov and A Barashkou and E L Barberio and D Barberis and G Barbier and P Barclay and D Y Bardin and P Bargassa and T Barillari and M Barisonzi and B M Barnett and R M Barnett and S Baron and A Baroncelli and M Barone and A J Barr and F Barreiro and J Barreiro Guimar{\~{a}}es da Costa and P Barrillon and A Barriuso Poy and N Barros and V Bartheld and H Bartko and R Bartoldus and S Basiladze and J Bastos and L E Batchelor and R L Bates and J R Batley and S Batraneanu and M Battistin and G Battistoni and V Batusov and F Bauer and B Bauss and D E Baynham and M Bazalova and A Bazan and P H Beauchemin and B Beaugiraud and R B Beccherle and G A Beck and H P Beck and K H Becks and I Bedajanek and A J Beddall and A Beddall and P Bedn{\'{a}}r and V A Bednyakov and C Bee and S Behar Harpaz and G A N Belanger and C Belanger-Champagne and B Belhorma and P J Bell and W H Bell and G Bella and F Bellachia and L Bellagamba and F Bellina and G Bellomo and M Bellomo and O Beltramello and A Belymam and S Ben Ami and M Ben Moshe and O Benary and D Benchekroun and C Benchouk and M Bendel and B H Benedict and N Benekos and J Benes and Y Benhammou and G P Benincasa and D P Benjamin and J R Bensinger and K Benslama and S Bentvelsen and M Beretta and D Berge and E Bergeaas and N Berger and F Berghaus and S Berglund and F Bergsma and J Beringer and J Bernab{\'{e}}u and K Bernardet and C Berriaud and T Berry and H Bertelsen and A Bertin and F Bertinelli and S Bertolucci and N Besson and A Beteille and S Bethke and W Bialas and R M Bianchi and M Bianco and O Biebel and M Bieri and M Biglietti and H Bilokon and M Binder and S Binet and N Bingefors and A Bingul and C Bini and C Biscarat and R Bischof and M Bischofberger and A Bitadze and J P Bizzell and K M Black and R E Blair and J J Blaising and O Blanch and G Blanchot and C Blocker and J Blocki and A Blondel and W Blum and U Blumenschein and C Boaretto and G J Bobbink and A Bocci and D Bocian and R Bock and M Boehm and J Boek and J A Bogaerts and A Bogouch and C Bohm and J Bohm and V Boisvert and T Bold and V Boldea and V G Bondarenko and R Bonino and J Bonis and W Bonivento and P Bonneau and M Boonekamp and G Boorman and M Boosten and C N Booth and P S L Booth and P Booth and J R A Booth and K Borer and A Borisov and I Borjanovic and K Bos and D Boscherini and F Bosi and M Bosman and M Bosteels and B Botchev and H Boterenbrood and D Botterill and J Boudreau and E V Bouhova-Thacker and C Boulahouache and C Bourdarios and M Boutemeur and K Bouzakis and G R Boyd and J Boyd and B H Boyer and I R Boyko and N I Bozhko and S Braccini and A Braem and P Branchini and G W Brandenburg and A Brandt and O Brandt and U Bratzler and H M Braun and S Bravo and I P Brawn and B Brelier and J Bremer and R Brenner and S Bressler and D Breton and N D Brett and P Breugnon and P G Bright-Thomas and F M Brochu and I Brock and R Brock and T J Brodbeck and E Brodet and F Broggi and Z Broklova and C Bromberg and G Brooijmans and G Brouwer and J Broz and E Brubaker and P A Bruckman de Renstrom and D Bruncko and A Bruni and G Bruni and M Bruschi and T Buanes and N J Buchanan and P Buchholz and I A Budagov and V Büscher and L Bugge and D Buira-Clark and E J Buis and F Bujor and T Buran and H Burckhart and D Burckhart-Chromek and S Burdin and R Burns and E Busato and J J F Buskop and K P Buszello and F Butin and J M Butler and C M Buttar and J Butterworth and J M Butterworth and T Byatt and S Cabrera Urb{\'{a}}n and E Cabruja Casas and M Caccia and D Caforio and O Cakir and P Calafiura and G Calderini and D Calder{\'{o}}n Terol and J Callahan and L P Caloba and R Caloi and D Calvet and A Camard and F Camarena and P Camarri and M Cambiaghi and D Cameron and J Cammin and F Campabadal Segura and S Campana and V Canale and J Cantero and M D M Capeans Garrido and I Caprini and M Caprini and M Caprio and D Caracinha and C Caramarcu and Y Carcagno and R Cardarelli and C Cardeira and L Cardiel Sas and A Cardini and T Carli and G Carlino and L Carminati and B Caron and S Caron and C Carpentieri and F S Carr and A A Carter and J R Carter and J Carvalho and D Casadei and M P Casado and M Cascella and C Caso and J Castelo and V Castillo Gimenez and N Castro and F Castrovillari and G Cataldi and F Cataneo and A Catinaccio and J R Catmore and A Cattai and S Caughron and D Cauz and A Cavallari and P Cavalleri and D Cavalli and M Cavalli-Sforza and V Cavasinni and F Ceradini and C Cerna and C Cernoch and A S Cerqueira and A Cerri and F Cerutti and M Cervetto and S A Cetin and F Cevenini and M Chalifour and M Chamizo llatas and A Chan and J W Chapman and D G Charlton and S Charron and S V Chekulaev and G A Chelkov and H Chen and L Chen and T Chen and X Chen and S Cheng and T L Cheng and A Cheplakov and V F Chepurnov and R Cherkaoui El Moursli and D Chesneanu and E Cheu and L Chevalier and J L Chevalley and F Chevallier and V Chiarella and G Chiefari and L Chikovani and A Chilingarov and G Chiodini and S Chouridou and D Chren and T Christiansen and I A Christidi and A Christov and M L Chu and J Chudoba and A G Chuguev and G Ciapetti and E Cicalini and A K Ciftci and V Cindro and M D Ciobotaru and A Ciocio and M Cirilli and M Citterio and M Ciubancan and J V Civera and A Clark and W Cleland and J C Clemens and B C Clement and C Cl{\'{e}}ment and D Clements and R W Clifft and M Cobal and A Coccaro and J Cochran and R Coco and P Coe and S Coelli and E Cogneras and C D Cojocaru and J Colas and A P Colijn and C Collard and C Collins-Tooth and J Collot and R Coluccia and G Comune and P Conde Mui{\~{n}}o and E Coniavitis and M Consonni and S Constantinescu and C Conta and F A Conventi and J Cook and M Cooke and N J Cooper-Smith and T Cornelissen and M Corradi and S Correard and A Corso-Radu and J Coss and G Costa and M J Costa and D Costanzo and T Costin and R Coura Torres and L Courneyea and C Couyoumtzelis and G Cowan and B E Cox and J Cox and D A Cragg and K Cranmer and J Cranshaw and M Cristinziani and G Crosetti and C Cuenca Almenar and S Cuneo and A Cunha and M Curatolo and C J Curtis and P Cwetanski and Z Czyczula and S D{\textquotesingle}Auria and M D{\textquotesingle}Onofrio and A Da Rocha Gesualdi Mello and P V M Da Silva and R Da Silva and W Dabrowski and A Dael and A Dahlhoff and T Dai and C Dallapiccola and S J Dallison and J Dalmau and C H Daly and M Dam and D Damazio and M Dameri and K M Danielsen and H O Danielsson and R Dankers and D Dannheim and G Darbo and P Dargent and C Daum and J P Dauvergne and M David and T Davidek and N Davidson and R Davidson and I Dawson and J W Dawson and R K Daya and K De and R de Asmundis and R de Boer and S De Castro and N De Groot and P de Jong and X de La Broise and E De La Cruz-Burelo and C De La Taille and B De Lotto and M De Oliveira Branco and D De Pedis and P de Saintignon and A De Salvo and U De Sanctis and A De Santo and J B De Vivie De Regie and G De Zorzi and S Dean and G Dedes and D V Dedovich and P O Defay and R Degele and M Dehchar and M Deile and C Del Papa and J Del Peso and T Del Prete and E Delagnes and P Delebecque and A Dell{\textquotesingle}Acqua and M Della Pietra and D della Volpe and M Delmastro and P Delpierre and N Delruelle and P A Delsart and C Deluca Silberberg and S Demers and M Demichev and P Demierre and B Demirköz and W Deng and S P Denisov and C Dennis and C J Densham and M Dentan and J E Derkaoui and F Derue and P Dervan and K K Desch and A Dewhurst and A Di Ciaccio and L Di Ciaccio and A Di Domenico and A Di Girolamo and B Di Girolamo and S Di Luise and A Di Mattia and A Di Simone and M M Diaz Gomez and E B Diehl and H Dietl and J Dietrich and W Dietsche and S Diglio and M Dima and K Dindar and B Dinkespiler and C Dionisi and R Dipanjan and P Dita and S Dita and F Dittus and S D Dixon and F Djama and R Djilkibaev and T Djobava and M A B do Vale and M Dobbs and R Dobinson and D Dobos and E Dobson and M Dobson and J Dodd and O B Dogan and T Doherty and Y Doi and J Dolejsi and I Dolenc and Z Dolezal and B A Dolgoshein and E Domingo and M Donega and J Dopke and D E Dorfan and O Dorholt and A Doria and A Dos Anjos and M Dosil and A Dotti and M T Dova and J D Dowell and A T Doyle and G Drake and D Drakoulakos and Z Drasal and J Drees and N Dressnandt and H Drevermann and C Driouichi and M Dris and J G Drohan and J Dubbert and T Dubbs and E Duchovni and G Duckeck and A Dudarev and M Dührssen and H Dür and I P Duerdoth and S Duffin and L Duflot and M-A Dufour and N Dumont Dayot and H Duran Yildiz and D Durand and A Dushkin and R Duxfield and M Dwuznik and F Dydak and D Dzahini and S D{\'{\i}}ez Cornell and M Düren and W L Ebenstein and S Eckert and S Eckweiler and P Eerola and I Efthymiopoulos and U Egede and K Egorov and W Ehrenfeld and T Eifert and G Eigen and K Einsweiler and E Eisenhandler and T Ekelof and L M Eklund and M El Kacimi and M Ellert and S Elles and N Ellis and J Elmsheuser and M Elsing and R Ely and D Emeliyanov and R Engelmann and M Engström and P Ennes and B Epp and A Eppig and V S Epshteyn and A Ereditato and V Eremin and D Eriksson and I Ermoline and J Ernwein and D Errede and S Errede and M Escalier and C Escobar and X Espinal Curull and B Esposito and F Esteves and F Etienne and A I Etienvre and E Etzion and H Evans and V N Evdokimov and P Evtoukhovitch and A Eyring and L Fabbri and C W Fabjan and C Fabre and P Faccioli and K Facius and V Fadeyev and R M Fakhrutdinov and S Falciano and I Falleau and A C Falou and Y Fang and M Fanti and A Farbin and A Farilla and J Farrell and P Farthouat and D Fasching and F Fassi and P Fassnacht and D Fassouliotis and F Fawzi and L Fayard and F Fayette and R Febbraro and O L Fedin and I Fedorko and L Feld and G Feldman and L Feligioni and C Feng and E J Feng and J Fent and A B Fenyuk and J Ferencei and D Ferguson and J Ferland and W Fernando and S Ferrag and A Ferrari and P Ferrari and R Ferrari and A Ferrer and M L Ferrer and D Ferrere and C Ferretti and F Ferro and M Fiascaris and S Fichet and F Fiedler and V Filimonov and A Filip{\v{c}}i{\v{c}} and A Filippas and F Filthaut and M Fincke-Keeler and G Finocchiaro and L Fiorini and A Firan and P Fischer and M J Fisher and S M Fisher and V Flaminio and J Flammer and M Flechl and I Fleck and W Flegel and P Fleischmann and S Fleischmann and C M Fleta Corral and F Fleuret and T Flick and J Flix and L R Flores Castillo and M J Flowerdew and F Föhlisch and M Fokitis and T M Fonseca Martin and J Fopma and D A Forbush and A Formica and J M Foster and D Fournier and A Foussat and A J Fowler and H Fox and P Francavilla and D Francis and S Franz and J T Fraser and M Fraternali and S Fratianni and J Freestone and R S French and K Fritsch and D Froidevaux and J A Frost and C Fukunaga and J Fulachier and E Fullana Torregrosa and J Fuster and C Gabaldon and S Gadomski and G Gagliardi and P Gagnon and E J Gallas and M V Gallas and B J Gallop and K K Gan and F C Gannaway and Y S Gao and V A Gapienko and A Gaponenko and C Garci{\'{a}} and M Garcia-Sciveres and J E Garc{\`{\i}}a Navarro and V Garde and R W Gardner and N Garelli and H Garitaonandia and V G Garonne and J Garvey and C Gatti and G Gaudio and O Gaumer and V Gautard and P Gauzzi and I L Gavrilenko and C Gay and J-C Gayde and E N Gazis and E Gazo and C N P Gee and C Geich-Gimbel and K Gellerstedt and C Gemme and M H Genest and S Gentile and M A George and S George and P Gerlach and Y Gernizky and C Geweniger and H Ghazlane and V M Ghete and P Ghez and N Ghodbane and B Giacobbe and S Giagu and V Giakoumopoulou and V Giangiobbe and F Gianotti and B Gibbard and A Gibson and M D Gibson and S M Gibson and G F Gieraltowski and I Gil Botella and L M Gilbert and M Gilchriese and O Gildemeister and V Gilewsky and A R Gillman and D M Gingrich and J Ginzburg and N Giokaris and M P Giordani and C G Girard and P F Giraud and P Girtler and D Giugni and P Giusti and B K Gjelsten and C Glasman and A Glazov and K W Glitza and G L Glonti and K G Gnanvo and J Godlewski and T Göpfert and C Gössling and T Göttfert and S Goldfarb and D Goldin and N Goldschmidt and T Golling and N P Gollub and P J Golonka and S N Golovnia and A Gomes and J Gomes and R Gon{\c{c}}alo and A Gongadze and A Gonidec and S Gonzalez and S Gonz{\'{a}}lez de la Hoz and V Gonz{\'{a}}lez Mill{\'{a}}n and M L Gonzalez Silva and B Gonzalez-Pineiro and S Gonz{\'{a}}lez-Sevilla and M J Goodrick and J J Goodson and L Goossens and P A Gorbounov and A Gordeev and H Gordon and I Gorelov and G Gorfine and B Gorini and E Gorini and A Gori{\v{s}}ek and E Gornicki and S A Gorokhov and B T Gorski and S V Goryachev and V N Goryachev and M Gosselink and M I Gostkin and M Gouan{\`{e}}re and I Gough Eschrich and D Goujdami and M Goulette and I Gousakov and J Gouveia and S Gowdy and C Goy and I Grabowska-Bold and V Grabski and P Grafström and C Grah and K-J Grahn and F Grancagnolo and S Grancagnolo and H Grassmann and V Gratchev and H M Gray and E Graziani and B Green and A Greenall and D Greenfield and D Greenwood and I M Gregor and A Grewal and E Griesmayer and N Grigalashvili and C Grigson and A A Grillo and F Grimaldi and K Grimm and P L Y Gris and Y Grishkevich and H Groenstege and L S Groer and J Grognuz and M Groh and E Gross and J Grosse-Knetter and M E M Grothe and J Grudzinski and C Gruse and M Gruwe and K Grybel and P Grybos and E M Gschwendtner and V J Guarino and C J Guicheney and G Guilhem and T Guillemin and J Gunther and B Guo and A Gupta and L Gurriana and V N Gushchin and P Gutierrez and L Guy and C Guyot and C Gwenlan and C B Gwilliam and A Haas and S Haas and C Haber and G Haboubi and R Hackenburg and E Hadash and H K Hadavand and C Haeberli and R Härtel and R Haggerty and F Hahn and S Haider and Z Hajduk and M Hakimi and H Hakobyan and H Hakobyan and J Haller and G D Hallewell and B Hallgren and K Hamacher and A Hamilton and H Han and L Han and K Hanagaki and M Hance and P Hanke and C J Hansen and F H Hansen and J R Hansen and J B Hansen and J D Hansen and P H Hansen and T Hansl-Kozanecka and G Hanson and P Hansson and K Hara and S Harder and A Harel and T Harenberg and R Harper and J C Hart and R G G Hart and F Hartjes and N Hartman and T Haruyama and A Harvey and Y Hasegawa and K Hashemi and S Hassani and M Hatch and R W Hatley and T G Haubold and D Hauff and F Haug and S Haug and M Hauschild and R Hauser and C Hauviller and M Havranek and B M Hawes and R J Hawkings and D Hawkins and T Hayler and H S Hayward and S J Haywood and E Hazen and M He and Y P He and S J Head and V Hedberg and L Heelan and F E W Heinemann and M Heldmann and S Hellman and C Helsens and R C W Henderson and P J Hendriks and A M Henriques Correia and S Henrot-Versille and F Henry-Couannier and T Hen{\ss} and G Herten and R Hertenberger and L Hervas and M Hess and N P Hessey and A Hicheur and A Hidvegi and E Hig{\'{o}}n-Rodriguez and D Hill and J Hill and J C Hill and N Hill and S J Hillier and I Hinchliffe and D Hindson and C Hinkelbein and T A Hodges and M C Hodgkinson and P Hodgson and A Hoecker and M R Hoeferkamp and J Hoffman and A E Hoffmann and D Hoffmann and H F Hoffmann and M Holder and T I Hollins and G Hollyman and A Holmes and S O Holmgren and R Holt and E Holtom and T Holy and R J Homer and Y Homma and P Homola and W Honerbach and A Honma and I Hooton and T Horazdovsky and C Horn and S Horvat and J-Y Hostachy and T Hott and S Hou and M A Houlden and A Hoummada and J Hover and D F Howell and J Hrivnac and I Hruska and T Hryn{\textquotesingle}ova and G S Huang and Z Hubacek and F Hubaut and F Huegging and B T Huffman and E Hughes and G Hughes and R E Hughes-Jones and W Hulsbergen and P Hurst and M Hurwitz and T Huse and N Huseynov and J Huston and J Huth and G Iacobucci and M Ibbotson and I Ibragimov and R Ichimiya and L Iconomidou-Fayard and J Idarraga and M Idzik and P Iengo and M C Iglesias Escudero and O Igonkina and Y Ikegami and M Ikeno and Y Ilchenko and Y Ilyushenka and D Imbault and P Imbert and M Imhaeuser and M Imori and T Ince and J Inigo-Golfin and K Inoue and P Ioannou and M Iodice and G Ionescu and K Ishii and M Ishino and Y Ishizawa and R Ishmukhametov and C Issever and H Ito and A V Ivashin and W Iwanski and H Iwasaki and J M Izen and V Izzo and J Jackson and J N Jackson and M Jaekel and S Jagielski and M Jahoda and V Jain and K Jakobs and J Jakubek and E Jansen and P P M Jansweijer and R C Jared and G Jarlskog and S Jarp and P Jarron and K Jelen and I Jen-La Plante and P Jenni and A Jeremie and P Jez and S J{\'{e}}z{\'{e}}quel and Y Jiang and G Jin and S Jin and O Jinnouchi and D Joffe and L G Johansen and M Johansen and K E Johansson and P Johansson and K A Johns and K Jon-And and M Jones and R Jones and R W L Jones and T W Jones and T J Jones and A Jones and O Jonsson and K K Joo and D Joos and M Joos and C Joram and S Jorgensen and J Joseph and P Jovanovic and S S Junnarkar and V Juranek and P Jussel and V V Kabachenko and S Kabana and M Kaci and A Kaczmarska and M Kado and H Kagan and S Kagawa and S Kaiser and E Kajomovitz and S Kakurin and L V Kalinovskaya and S Kama and H Kambara and N Kanaya and A Kandasamy and S Kandasamy and M Kaneda and V A Kantserov and J Kanzaki and B Kaplan and A Kapliy and J Kaplon and M Karagounis and M Karagoz Unel and K Karr and P Karst and V Kartvelishvili and A N Karyukhin and L Kashif and A Kasmi and R D Kass and A Kastanas and M Kataoka and Y Kataoka and E Katsoufis and S Katunin and K Kawagoe and M Kawai and T Kawamoto and F Kayumov and V A Kazanin and M Y Kazarinov and A Kazarov and S I Kazi and J R Keates and R Keeler and P T Keener and R Kehoe and M Keil and G D Kekelidze and M Kelly and J Kennedy and M Kenyon and O Kepka and N Kerschen and B P Ker{\v{s}}evan and S Kersten and C Ketterer and M Khakzad and F Khalilzade and H Khandanyan and A Khanov and D Kharchenko and A Khodinov and A G Kholodenko and A Khomich and V P Khomutnikov and G Khoriauli and N Khovanskiy and V Khovanskiy and E Khramov and J Khubua and G Kieft and J A Kierstead and G Kilvington and H Kim and H Kim and S H Kim and P Kind and B T King and J Kirk and G P Kirsch and L E Kirsch and A E Kiryunin and D Kisielewska and B Kisielewski and T Kittelmann and A M Kiver and H Kiyamura and E Kladiva and J Klaiber-Lodewigs and K Kleinknecht and A Klier and A Klimentov and C R Kline and R Klingenberg and E B Klinkby and T Klioutchnikova and P F Klok and S Klous and E-E Kluge and P Kluit and M Klute and S Kluth and N K Knecht and E Kneringer and E Knezo and J Knobloch and B R Ko and T Kobayashi and M Kobel and P Kodys and A C König and S König and L Köpke and F Koetsveld and T Koffas and E Koffeman and Z Kohout and T Kohriki and T Kokott and G M Kolachev and H Kolanoski and V Kolesnikov and I Koletsou and M Kollefrath and S Kolos and S D Kolya and A A Komar and J R Komaragiri and T Kondo and Y Kondo and N V Kondratyeva and T Kono and A I Kononov and R Konoplich and S P Konovalov and N Konstantinidis and A Kootz and S Koperny and S V Kopikov and K Korcyl and K Kordas and V Koreshev and A Korn and I Korolkov and V A Korotkov and H Korsmo and O Kortner and M E Kostrikov and V V Kostyukhin and M J Kotamäki and D Kotchetkov and S Kotov and V M Kotov and K Y Kotov and C Kourkoumelis and A Koutsman and S Kovalenko and R Kowalewski and H Kowalski and T Z Kowalski and W Kozanecki and A S Kozhin and V Kral and V Kramarenko and G Kramberger and A Kramer and O Krasel and M W Krasny and A Krasznahorkay and A Krepouri and P Krieger and P Krivkova and G Krobath and H Kroha and J Krstic and U Kruchonak and H Krüger and K Kruger and Z V Krumshteyn and P Kubik and W Kubischta and T Kubota and L G Kudin and J Kudlaty and A Kugel and T Kuhl and D Kuhn and V Kukhtin and Y Kulchitsky and N Kundu and A Kupco and M Kupper and H Kurashige and L L Kurchaninov and Y A Kurochkin and V Kus and W Kuykendall and P Kuzhir and E K Kuznetsova and O Kvasnicka and R Kwee and D La Marra and M La Rosa and L La Rotonda and L Labarga and J A Labbe and C Lacasta and F Lacava and H Lacker and D Lacour and V R Lacuesta and E Ladygin and R Lafaye and B Laforge and T Lagouri and S Lai and E Lamanna and M Lambacher and F Lambert and W Lampl and E Lancon and U Landgraf and M P J Landon and H Landsman and R R Langstaff and A J Lankford and F Lanni and K Lantzsch and A Lanza and V V Lapin and S Laplace and J F Laporte and V Lara and T Lari and A V Larionov and C Lasseur and W Lau and P Laurelli and A Lavorato and W Lavrijsen and A B Lazarev and A-C Le Bihan and O Le Dortz and C Le Maner and M Le Vine and L Leahu and M Leahu and C Lebel and M Lechowski and T LeCompte and F Ledroit-Guillon and H Lee and J S H Lee and S C Lee and M Lefebvre and R P Lefevre and M Legendre and A Leger and B C LeGeyt and C Leggett and M Lehmacher and G Lehmann Miotto and M Lehto and R Leitner and D Lelas and D Lellouch and M Leltchouk and V Lendermann and K J C Leney and T Lenz and G Lenzen and J Lepidis and C Leroy and J-R Lessard and J Lesser and C G Lester and M Letheren and A Leung Fook Cheong and J Lev{\^{e}}que and D Levin and L J Levinson and M S Levitski and M Lewandowska and M Leyton and J Li and W Li and M Liabline and Z Liang and Z Liang and B Liberti and P Lichard and W Liebig and R Lifshitz and D Liko and H Lim and M Limper and S C Lin and A Lindahl and F Linde and L Lindquist and S W Lindsay and V Linhart and A J Lintern and A Liolios and A Lipniacka and T M Liss and A Lissauer and J List and A M Litke and S Liu and T Liu and Y Liu and M Livan and A Lleres and G Llos{\'{a}} Ll{\'{a}}cer and S L Lloyd and F Lobkowicz and P Loch and W S Lockman and T Loddenkoetter and F K Loebinger and A Loginov and C W Loh and T Lohse and K Lohwasser and M Lokajicek and J Loken and S Lokwitz and M C Long and L Lopes and D Lopez Mateos and M J Losty and X Lou and K F Loureiro and L Lovas and J Love and A Lowe and M Lozano Fantoba and F Lu and J Lu and L Lu and H J Lubatti and S Lucas and C Luci and A Lucotte and A Ludwig and I Ludwig and J Ludwig and F Luehring and D Lüke and G Luijckx and L Luisa and D Lumb and L Luminari and E Lund and B Lund-Jensen and B Lundberg and J Lundquist and A Lupi and N Lupu and G Lutz and D Lynn and J Lynn and J Lys and V Lysan and E Lytken and J M L{\'{o}}pez-Amengual and H Ma and L L Ma and M Maa{\ss} en and G Maccarrone and G G R Mace and D Macina and R Mackeprang and A Macpherson and D MacQueen and C Macwaters and R J Madaras and W F Mader and R Maenner and T Maeno and P Mättig and S Mättig and C A Magrath and Y Mahalalel and K Mahboubi and G Mahout and C Maidantchik and A Maio and G M Mair and K Mair and Y Makida and D Makowiecki and P Malecki and V P Maleev and F Malek and D Malon and S Maltezos and V Malychev and S Malyukov and M Mambelli and R Mameghani and J Mamuzic and A Manabe and A Manara and G Manca and L Mandelli and I Mandi{\'{c}} and M Mandl and J Maneira and M Maneira and P S Mangeard and M Mangin-Brinet and I D Manjavidze and W A Mann and S Manolopoulos and A Manousakis-Katsikakis and B Mansoulie and A Manz and A Mapelli and L Mapelli and L March and J F Marchand and M Marchesotti and M Marcisovsky and A Marin and C N Marques and F Marroquim and R Marshall and Z Marshall and F K Martens and S Marti i Garcia and A J Martin and B Martin and B Martin and F F Martin and J P Martin and Ph Martin and G Martinez and C Mart{\'{\i}}nez Lacambra and V Martinez Outschoorn and A Martini and J Martins and T Maruyama and F Marzano and T Mashimo and R Mashinistov and J Masik and A L Maslennikov and M Ma{\ss} and I Massa and G Massaro and N Massol and M Mathes and J Matheson and P Matricon and H Matsumoto and H Matsunaga and J M Maugain and S J Maxfield and E N May and J K Mayer and C Mayri and R Mazini and M Mazzanti and P Mazzanti and E Mazzoni and F Mazzucato and S P Mc Kee and R L McCarthy and C McCormick and N A McCubbin and J McDonald and K W McFarlane and S McGarvie and H McGlone and R A McLaren and S J McMahon and T R McMahon and T J McMahon and R A McPherson and M Mechtel and D Meder-Marouelli and M Medinnis and R Meera-Lebbai and C Meessen and R Mehdiyev and A Mehta and K Meier and H Meinhard and J Meinhardt and C Meirosu and F Meisel and A Melamed-Katz and B R Mellado Garcia and P Mendes Jorge and P Mendez and S Menke and C Menot and E Meoni and D Merkl and L Merola and C Meroni and F S Merritt and I Messmer and J Metcalfe and S Meuser and J-P Meyer and T C Meyer and W T Meyer and V Mialkovski and M Michelotto and L Micu and R Middleton and P Miele and A Migliaccio and L Mijovi{\'{c}} and G Mikenberg and M Mikestikova and M Mikestikova and B Mikulec and M Miku{\v{z}} and D W Miller and R J Miller and W Miller and M Milosavljevic and D A Milstead and S Mima and A A Minaenko and M Minano and I A Minashvili and A I Mincer and B Mindur and M Mineev and L M Mir and G Mirabelli and L Miralles Verge and S Misawa and S Miscetti and A Misiejuk and A Mitra and G Y Mitrofanov and V A Mitsou and P S Miyagawa and Y Miyazaki and J U Mjörnmark and S Mkrtchyan and D Mladenov and T Moa and M Moch and A Mochizuki and P Mockett and P Modesto and S Moed and K Mönig and N Möser and B Mohn and W Mohr and S Mohrdieck-Möck and A M Moisseev and R M Moles Valls and J Molina-Perez and A Moll and G Moloney and R Mommsen and L Moneta and E Monnier and G Montarou and S Montesano and F Monticelli and R W Moore and T B Moore and G F Moorhead and A Moraes and J Morel and A Moreno and D Moreno and P Morettini and D Morgan and M Morii and J Morin and A K Morley and G Mornacchi and M-C Morone and S V Morozov and E J Morris and J Morris and M C Morrissey and H G Moser and M Mosidze and A Moszczynski and S V Mouraviev and T Mouthuy and T H Moye and E J W Moyse and J Mueller and M Müller and A Muijs and T R Muller and A Munar and D J Munday and K Murakami and R Murillo Garcia and W J Murray and A G Myagkov and M Myska and K Nagai and Y Nagai and K Nagano and Y Nagasaka and A M Nairz and D Naito and K Nakamura and Y Nakamura and I Nakano and G Nanava and A Napier and M Nassiakou and I Nasteva and N R Nation and T Naumann and F Nauyock and S K Nderitu and H A Neal and E Nebot and P Nechaeva and A Neganov and A Negri and S Negroni and C Nelson and S Nemecek and P Nemethy and A A Nepomuceno and M Nessi and S Y Nesterov and L Neukermans and P Nevski and F M Newcomer and A Nichols and C Nicholson and R Nicholson and R B Nickerson and R Nicolaidou and G Nicoletti and B Nicquevert and M Niculescu and J Nielsen and T Niinikoski and M J Niinimaki and N Nikitin and K Nikolaev and I Nikolic-Audit and K Nikolopoulos and H Nilsen and B S Nilsson and P Nilsson and A Nisati and R Nisius and L J Nodulman and M Nomachi and H Nomoto and J-M Noppe and M Nordberg and O Norniella Francisco and P R Norton and J Novakova and M Nowak and M Nozaki and R Nunes and G Nunes Hanninger and T Nunnemann and T Nyman and P O{\textquotesingle}Connor and S W O{\textquotesingle}Neale and D C O{\textquotesingle}Neil and M O{\textquotesingle}Neill and V O{\textquotesingle}Shea and F G Oakham and H Oberlack and M Obermaier and P Oberson and A Ochi and W Ockenfels and S Odaka and I Odenthal and G A Odino and H Ogren and S H Oh and T Ohshima and H Ohshita and H Okawa and M Olcese and A G Olchevski and C Oliver and J Oliver and M Olivo Gomez and A Olszewski and J Olszowska and C Omachi and A Onea and A Onofre and C J Oram and G Ordonez and M J Oreglia and F Orellana and Y Oren and D Orestano and I O Orlov and R S Orr and F Orsini and L S Osborne and B Osculati and C Osuna and R Otec and R Othegraven and B Ottewell and F Ould-Saada and A Ouraou and Q Ouyang and O K {\O}ye and V E Ozcan and K Ozone and N Ozturk and A Pacheco Pages and S Padhi and C Padilla Aranda and E Paganis and F Paige and P M Pailler and K Pajchel and S Palestini and J Palla and D Pallin and M J Palmer and Y B Pan and N Panikashvili and V N Panin and S Panitkin and D Pantea and M Panuskova and V Paolone and A Paoloni and I Papadopoulos and T Papadopoulou and I Park and W Park and M A Parker and S Parker and C Parkman and F Parodi and J A Parsons and U Parzefall and E Pasqualucci and G Passardi and A Passeri and M S Passmore and F Pastore and Fr Pastore and S Pataraia and D Pate and J R Pater and S Patricelli and T Pauly and E Pauna and L S Peak and S J M Peeters and M Peez and E Pei and S V Peleganchuk and G Pellegrini and R Pengo and J Pequenao and M Perantoni and A Perazzo and A Pereira and E Perepelkin and V J O Perera and E Perez Codina and V Perez Reale and I Peric and L Perini and H Pernegger and E Perrin and R Perrino and P Perrodo and G Perrot and P Perus and V D Peshekhonov and E Petereit and J Petersen and T C Petersen and P J F Petit and C Petridou and E Petrolo and F Petrucci and R Petti and M Pezzetti and B Pfeifer and A Phan and A W Phillips and P W Phillips},
	title = {The {ATLAS} Experiment at the {CERN} Large Hadron Collider},
	journal = {Journal of Instrumentation},
	abstract = {The ATLAS detector as installed in its experimental cavern at point 1 at CERN is described in this paper. A brief overview of the expected performance of the detector when the Large Hadron Collider begins operation is also presented.}
}
@article{CMS2,
  title = {Evidence for the Associated Production of a Single Top Quark and a Photon in Proton-Proton Collisions at $\sqrt{s}=13\text{ }\text{ }\mathrm{TeV}$},
  author = {Sirunyan, A. M. and Tumasyan, A. and Adam, W. and Ambrogi, F. and Asilar, E. and Bergauer, T. and Brandstetter, J. and Dragicevic, M. and Er\"o, J. and Escalante Del Valle, A. and Flechl, M. and Fr\"uhwirth, R. and Ghete, V. M. and Hrubec, J. and Jeitler, M. and Krammer, N. and Kr\"atschmer, I. and Liko, D. and Madlener, T. and Mikulec, I. and Rad, N. and Rohringer, H. and Schieck, J. and Sch\"ofbeck, R. and Spanring, M. and Spitzbart, D. and Taurok, A. and Waltenberger, W. and Wittmann, J. and Wulz, C.-E. and Zarucki, M. and Chekhovsky, V. and Mossolov, V. and Suarez Gonzalez, J. and De Wolf, E. A. and Di Croce, D. and Janssen, X. and Lauwers, J. and Pieters, M. and Van Haevermaet, H. and Van Mechelen, P. and Van Remortel, N. and Abu Zeid, S. and Blekman, F. and D'Hondt, J. and De Bruyn, I. and De Clercq, J. and Deroover, K. and Flouris, G. and Lontkovskyi, D. and Lowette, S. and Marchesini, I. and Moortgat, S. and Moreels, L. and Python, Q. and Skovpen, K. and Tavernier, S. and Van Doninck, W. and Van Mulders, P. and Van Parijs, I. and Beghin, D. and Bilin, B. and Brun, H. and Clerbaux, B. and De Lentdecker, G. and Delannoy, H. and Dorney, B. and Fasanella, G. and Favart, L. and Goldouzian, R. and Grebenyuk, A. and Kalsi, A. K. and Lenzi, T. and Luetic, J. and Postiau, N. and Starling, E. and Thomas, L. and Vander Velde, C. and Vanlaer, P. and Vannerom, D. and Wang, Q. and Cornelis, T. and Dobur, D. and Fagot, A. and Gul, M. and Khvastunov, I. and Poyraz, D. and Roskas, C. and Trocino, D. and Tytgat, M. and Verbeke, W. and Vermassen, B. and Vit, M. and Zaganidis, N. and Bakhshiansohi, H. and Bondu, O. and Brochet, S. and Bruno, G. and Caputo, C. and David, P. and Delaere, C. and Delcourt, M. and Francois, B. and Giammanco, A. and Krintiras, G. and Lemaitre, V. and Magitteri, A. and Mertens, A. and Musich, M. and Piotrzkowski, K. and Saggio, A. and Vidal Marono, M. and Wertz, S. and Zobec, J. and Alves, F. L. and Alves, G. A. and Correa Martins Junior, M. and Correia Silva, G. and Hensel, C. and Moraes, A. and Pol, M. E. and Rebello Teles, P. and Belchior Batista Das Chagas, E. and Carvalho, W. and Chinellato, J. and Coelho, E. and Da Costa, E. M. and Da Silveira, G. G. and De Jesus Damiao, D. and De Oliveira Martins, C. and Fonseca De Souza, S. and Malbouisson, H. and Matos Figueiredo, D. and Melo De Almeida, M. and Mora Herrera, C. and Mundim, L. and Nogima, H. and Prado Da Silva, W. L. and Sanchez Rosas, L. J. and Santoro, A. and Sznajder, A. and Thiel, M. and Tonelli Manganote, E. J. and Torres Da Silva De Araujo, F. and Vilela Pereira, A. and Ahuja, S. and Bernardes, C. A. and Calligaris, L. and Tomei, T. R. Fernandez Perez and Gregores, E. M. and Mercadante, P. G. and Novaes, S. F. and Padula, Sandra S. and Aleksandrov, A. and Hadjiiska, R. and Iaydjiev, P. and Marinov, A. and Misheva, M. and Rodozov, M. and Shopova, M. and Sultanov, G. and Dimitrov, A. and Litov, L. and Pavlov, B. and Petkov, P. and Fang, W. and Gao, X. and Yuan, L. and Ahmad, M. and Bian, J. G. and Chen, G. M. and Chen, H. S. and Chen, M. and Chen, Y. and Jiang, C. H. and Leggat, D. and Liao, H. and Liu, Z. and Romeo, F. and Shaheen, S. M. and Spiezia, A. and Tao, J. and Wang, Z. and Yazgan, E. and Zhang, H. and Zhang, S. and Zhao, J. and Ban, Y. and Chen, G. and Levin, A. and Li, J. and Li, L. and Li, Q. and Mao, Y. and Qian, S. J. and Wang, D. and Xu, Z. and Wang, Y. and Avila, C. and Cabrera, A. and Carrillo Montoya, C. A. and Chaparro Sierra, L. F. and Florez, C. and Gonz\'alez Hern\'andez, C. F. and Segura Delgado, M. A. and Courbon, B. and Godinovic, N. and Lelas, D. and Puljak, I. and Sculac, T. and Antunovic, Z. and Kovac, M. and Brigljevic, V. and Ferencek, D. and Kadija, K. and Mesic, B. and Starodumov, A. and Susa, T. and Ather, M. W. and Attikis, A. and Kolosova, M. and Mavromanolakis, G. and Mousa, J. and Nicolaou, C. and Ptochos, F. and Razis, P. A. and Rykaczewski, H. and Finger, M. and Finger, M. and Ayala, E. and Carrera Jarrin, E. and Abdalla, H. and Abdelalim, A. A. and Salama, E. and Bhowmik, S. and Carvalho Antunes De Oliveira, A. and Dewanjee, R. K. and Ehataht, K. and Kadastik, M. and Raidal, M. and Veelken, C. and Eerola, P. and Kirschenmann, H. and Pekkanen, J. and Voutilainen, M. and Havukainen, J. and Heikkil\"a, J. K. and J\"arvinen, T. and Karim\"aki, V. and Kinnunen, R. and Lamp\'en, T. and Lassila-Perini, K. and Laurila, S. and Lehti, S. and Lind\'en, T. and Luukka, P. and M\"aenp\"a\"a, T. and Siikonen, H. and Tuominen, E. and Tuominiemi, J. and Tuuva, T. and Besancon, M. and Couderc, F. and Dejardin, M. and Denegri, D. and Faure, J. L. and Ferri, F. and Ganjour, S. and Givernaud, A. and Gras, P. and Hamel de Monchenault, G. and Jarry, P. and Leloup, C. and Locci, E. and Malcles, J. and Negro, G. and Rander, J. and Rosowsky, A. and Sahin, M. \"O. and Titov, M. and Abdulsalam, A. and Amendola, C. and Antropov, I. and Beaudette, F. and Busson, P. and Charlot, C. and Granier de Cassagnac, R. and Kucher, I. and Lobanov, A. and Martin Blanco, J. and Martin Perez, C. and Nguyen, M. and Ochando, C. and Ortona, G. and Paganini, P. and Pigard, P. and Rembser, J. and Salerno, R. and Sauvan, J. B. and Sirois, Y. and Stahl Leiton, A. G. and Zabi, A. and Zghiche, A. and Agram, J.-L. and Andrea, J. and Bloch, D. and Brom, J.-M. and Chabert, E. C. and Cherepanov, V. and Collard, C. and Conte, E. and Fontaine, J.-C. and Gel\'e, D. and Goerlach, U. and Jansov\'a, M. and Le Bihan, A.-C. and Tonon, N. and Van Hove, P. and Gadrat, S. and Beauceron, S. and Bernet, C. and Boudoul, G. and Chanon, N. and Chierici, R. and Contardo, D. and Depasse, P. and El Mamouni, H. and Fay, J. and Finco, L. and Gascon, S. and Gouzevitch, M. and Grenier, G. and Ille, B. and Lagarde, F. and Laktineh, I. B. and Lattaud, H. and Lethuillier, M. and Mirabito, L. and Perries, S. and Popov, A. and Sordini, V. and Touquet, G. and Vander Donckt, M. and Viret, S. and Khvedelidze, A. and Tsamalaidze, Z. and Autermann, C. and Feld, L. and Kiesel, M. K. and Klein, K. and Lipinski, M. and Preuten, M. and Rauch, M. P. and Schomakers, C. and Schulz, J. and Teroerde, M. and Wittmer, B. and Zhukov, V. and Albert, A. and Duchardt, D. and Endres, M. and Erdmann, M. and Erdweg, S. and Esch, T. and Fischer, R. and Ghosh, S. and G\"uth, A. and Hebbeker, T. and Heidemann, C. and Hoepfner, K. and Keller, H. and Mastrolorenzo, L. and Merschmeyer, M. and Meyer, A. and Millet, P. and Mukherjee, S. and Pook, T. and Radziej, M. and Reithler, H. and Rieger, M. and Schmidt, A. and Teyssier, D. and Th\"uer, S. and Fl\"ugge, G. and Hlushchenko, O. and Kress, T. and K\"unsken, A. and M\"uller, T. and Nehrkorn, A. and Nowack, A. and Pistone, C. and Pooth, O. and Roy, D. and Sert, H. and Stahl, A. and Aldaya Martin, M. and Arndt, T. and Asawatangtrakuldee, C. and Babounikau, I. and Beernaert, K. and Behnke, O. and Behrens, U. and Berm\'udez Mart\'{\i}nez, A. and Bertsche, D. and Bin Anuar, A. A. and Borras, K. and Botta, V. and Campbell, A. and Connor, P. and Contreras-Campana, C. and Danilov, V. and De Wit, A. and Defranchis, M. M. and Diez Pardos, C. and Dom\'{\i}nguez Damiani, D. and Eckerlin, G. and Eichhorn, T. and Elwood, A. and Eren, E. and Gallo, E. and Geiser, A. and Grohsjean, A. and Guthoff, M. and Haranko, M. and Harb, A. and Hauk, J. and Jung, H. and Kasemann, M. and Keaveney, J. and Kleinwort, C. and Knolle, J. and Kr\"ucker, D. and Lange, W. and Lelek, A. and Lenz, T. and Leonard, J. and Lipka, K. and Lohmann, W. and Mankel, R. and Melzer-Pellmann, I.-A. and Meyer, A. B. and Meyer, M. and Missiroli, M. and Mittag, G. and Mnich, J. and Myronenko, V. and Pflitsch, S. K. and Pitzl, D. and Raspereza, A. and Savitskyi, M. and Saxena, P. and Sch\"utze, P. and Schwanenberger, C. and Shevchenko, R. and Singh, A. and Tholen, H. and Turkot, O. and Vagnerini, A. and Van Onsem, G. P. and Walsh, R. and Wen, Y. and Wichmann, K. and Wissing, C. and Zenaiev, O. and Aggleton, R. and Bein, S. and Benato, L. and Benecke, A. and Blobel, V. and Dreyer, T. and Garutti, E. and Gonzalez, D. and Gunnellini, P. and Haller, J. and Hinzmann, A. and Karavdina, A. and Kasieczka, G. and Klanner, R. and Kogler, R. and Kovalchuk, N. and Kurz, S. and Kutzner, V. and Lange, J. and Marconi, D. and Multhaup, J. and Niedziela, M. and Niemeyer, C. E. N. and Nowatschin, D. and Perieanu, A. and Reimers, A. and Rieger, O. and Scharf, C. and Schleper, P. and Schumann, S. and Schwandt, J. and Sonneveld, J. and Stadie, H. and Steinbr\"uck, G. and Stober, F. M. and St\"over, M. and Vanhoefer, A. and Vormwald, B. and Zoi, I. and Akbiyik, M. and Barth, C. and Baselga, M. and Baur, S. and Butz, E. and Caspart, R. and Chwalek, T. and Colombo, F. and De Boer, W. and Dierlamm, A. and El Morabit, K. and Faltermann, N. and Freund, B. and Giffels, M. and Harrendorf, M. A. and Hartmann, F. and Heindl, S. M. and Husemann, U. and Kassel, F. and Katkov, I. and Kudella, S. and Mildner, H. and Mitra, S. and Mozer, M. U. and M\"uller, Th. and Plagge, M. and Quast, G. and Rabbertz, K. and Schr\"oder, M. and Shvetsov, I. and Sieber, G. and Simonis, H. J. and Ulrich, R. and Wayand, S. and Weber, M. and Weiler, T. and Williamson, S. and W\"ohrmann, C. and Wolf, R. and Anagnostou, G. and Daskalakis, G. and Geralis, T. and Kyriakis, A. and Loukas, D. and Paspalaki, G. and Topsis-Giotis, I. and Karathanasis, G. and Kesisoglou, S. and Kontaxakis, P. and Panagiotou, A. and Papavergou, I. and Saoulidou, N. and Tziaferi, E. and Vellidis, K. and Kousouris, K. and Papakrivopoulos, I. and Tsipolitis, G. and Evangelou, I. and Foudas, C. and Gianneios, P. and Katsoulis, P. and Kokkas, P. and Mallios, S. and Manthos, N. and Papadopoulos, I. and Paradas, E. and Strologas, J. and Triantis, F. A. and Tsitsonis, D. and Bart\'ok, M. and Csanad, M. and Filipovic, N. and Major, P. and Nagy, M. I. and Pasztor, G. and Sur\'anyi, O. and Veres, G. I. and Bencze, G. and Hajdu, C. and Horvath, D. and Hunyadi, \'A. and Sikler, F. and V\'ami, T. \'A. and Veszpremi, V. and Vesztergombi, G. and Beni, N. and Czellar, S. and Karancsi, J. and Makovec, A. and Molnar, J. and Szillasi, Z. and Raics, P. and Trocsanyi, Z. L. and Ujvari, B. and Choudhury, S. and Komaragiri, J. R. and Tiwari, P. C. and Bahinipati, S. and Kar, C. and Mal, P. and Mandal, K. and Nayak, A. and Sahoo, D. K. and Swain, S. K. and Bansal, S. and Beri, S. B. and Bhatnagar, V. and Chauhan, S. and Chawla, R. and Dhingra, N. and Gupta, R. and Kaur, A. and Kaur, M. and Kaur, S. and Kumar, R. and Kumari, P. and Lohan, M. and Mehta, A. and Sandeep, K. and Sharma, S. and Singh, J. B. and Virdi, A. K. and Walia, G. and Bhardwaj, A. and Choudhary, B. C. and Garg, R. B. and Gola, M. and Keshri, S. and Kumar, Ashok and Malhotra, S. and Naimuddin, M. and Priyanka, P. and Ranjan, K. and Shah, Aashaq and Sharma, R. and Bhardwaj, R. and Bharti, M. and Bhattacharya, R. and Bhattacharya, S. and Bhawandeep, U. and Bhowmik, D. and Dey, S. and Dutt, S. and Dutta, S. and Ghosh, S. and Mondal, K. and Nandan, S. and Purohit, A. and Rout, P. K. and Roy, A. and Roy Chowdhury, S. and Saha, G. and Sarkar, S. and Sharan, M. and Singh, B. and Thakur, S. and Behera, P. K. and Chudasama, R. and Dutta, D. and Jha, V. and Kumar, V. and Netrakanti, P. K. and Pant, L. M. and Shukla, P. and Aziz, T. and Bhat, M. A. and Dugad, S. and Mohanty, G. B. and Sur, N. and Sutar, B. and Kumar Verma, Ravindra and Banerjee, S. and Bhattacharya, S. and Chatterjee, S. and Das, P. and Guchait, M. and Jain, Sa. and Karmakar, S. and Kumar, S. and Maity, M. and Majumder, G. and Mazumdar, K. and Sahoo, N. and Sarkar, T. and Chauhan, S. and Dube, S. and Hegde, V. and Kapoor, A. and Kothekar, K. and Pandey, S. and Rane, A. and Sharma, S. and Chenarani, S. and Eskandari Tadavani, E. and Etesami, S. M. and Khakzad, M. and Mohammadi Najafabadi, M. and Naseri, M. and Rezaei Hosseinabadi, F. and Safarzadeh, B. and Zeinali, M. and Felcini, M. and Grunewald, M. and Abbrescia, M. and Calabria, C. and Colaleo, A. and Creanza, D. and Cristella, L. and De Filippis, N. and De Palma, M. and Di Florio, A. and Errico, F. and Fiore, L. and Gelmi, A. and Iaselli, G. and Ince, M. and Lezki, S. and Maggi, G. and Maggi, M. and Miniello, G. and My, S. and Nuzzo, S. and Pompili, A. and Pugliese, G. and Radogna, R. and Ranieri, A. and Selvaggi, G. and Sharma, A. and Silvestris, L. and Venditti, R. and Verwilligen, P. and Zito, G. and Abbiendi, G. and Battilana, C. and Bonacorsi, D. and Borgonovi, L. and Braibant-Giacomelli, S. and Campanini, R. and Capiluppi, P. and Castro, A. and Cavallo, F. R. and Chhibra, S. S. and Ciocca, C. and Codispoti, G. and Cuffiani, M. and Dallavalle, G. M. and Fabbri, F. and Fanfani, A. and Fontanesi, E. and Giacomelli, P. and Grandi, C. and Guiducci, L. and Iemmi, F. and Lo Meo, S. and Marcellini, S. and Masetti, G. and Montanari, A. and Navarria, F. L. and Perrotta, A. and Primavera, F. and Rovelli, T. and Siroli, G. P. and Tosi, N. and Albergo, S. and Di Mattia, A. and Potenza, R. and Tricomi, A. and Tuve, C. and Barbagli, G. and Chatterjee, K. and Ciulli, V. and Civinini, C. and D'Alessandro, R. and Focardi, E. and Latino, G. and Lenzi, P. and Meschini, M. and Paoletti, S. and Russo, L. and Sguazzoni, G. and Strom, D. and Viliani, L. and Benussi, L. and Bianco, S. and Fabbri, F. and Piccolo, D. and Ferro, F. and Ravera, F. and Robutti, E. and Tosi, S. and Benaglia, A. and Beschi, A. and Brianza, L. and Brivio, F. and Ciriolo, V. and Di Guida, S. and Dinardo, M. E. and Fiorendi, S. and Gennai, S. and Ghezzi, A. and Govoni, P. and Malberti, M. and Malvezzi, S. and Massironi, A. and Menasce, D. and Monti, F. and Moroni, L. and Paganoni, M. and Pedrini, D. and Ragazzi, S. and Tabarelli de Fatis, T. and Zuolo, D. and Buontempo, S. and Cavallo, N. and Di Crescenzo, A. and Fabozzi, F. and Fienga, F. and Galati, G. and Iorio, A. O. M. and Khan, W. A. and Lista, L. and Meola, S. and Paolucci, P. and Sciacca, C. and Voevodina, E. and Azzi, P. and Bacchetta, N. and Bisello, D. and Boletti, A. and Bragagnolo, A. and Carlin, R. and Checchia, P. and Dall'Osso, M. and De Castro Manzano, P. and Dorigo, T. and Dosselli, U. and Gasparini, F. and Gasparini, U. and Gozzelino, A. and Hoh, S. Y. and Lacaprara, S. and Lujan, P. and Margoni, M. and Meneguzzo, A. T. and Pazzini, J. and Ronchese, P. and Rossin, R. and Simonetto, F. and Tiko, A. and Torassa, E. and Zanetti, M. and Zotto, P. and Zumerle, G. and Braghieri, A. and Magnani, A. and Montagna, P. and Ratti, S. P. and Re, V. and Ressegotti, M. and Riccardi, C. and Salvini, P. and Vai, I. and Vitulo, P. and Biasini, M. and Bilei, G. M. and Cecchi, C. and Ciangottini, D. and Fan\`o, L. and Lariccia, P. and Leonardi, R. and Manoni, E. and Mantovani, G. and Mariani, V. and Menichelli, M. and Rossi, A. and Santocchia, A. and Spiga, D. and Androsov, K. and Azzurri, P. and Bagliesi, G. and Bianchini, L. and Boccali, T. and Borrello, L. and Castaldi, R. and Ciocci, M. A. and Dell'Orso, R. and Fedi, G. and Fiori, F. and Giannini, L. and Giassi, A. and Grippo, M. T. and Ligabue, F. and Manca, E. and Mandorli, G. and Messineo, A. and Palla, F. and Rizzi, A. and Spagnolo, P. and Tenchini, R. and Tonelli, G. and Venturi, A. and Verdini, P. G. and Barone, L. and Cavallari, F. and Cipriani, M. and Del Re, D. and Di Marco, E. and Diemoz, M. and Gelli, S. and Longo, E. and Marzocchi, B. and Meridiani, P. and Organtini, G. and Pandolfi, F. and Paramatti, R. and Preiato, F. and Rahatlou, S. and Rovelli, C. and Santanastasio, F. and Amapane, N. and Arcidiacono, R. and Argiro, S. and Arneodo, M. and Bartosik, N. and Bellan, R. and Biino, C. and Cartiglia, N. and Cenna, F. and Cometti, S. and Costa, M. and Covarelli, R. and Demaria, N. and Kiani, B. and Mariotti, C. and Maselli, S. and Migliore, E. and Monaco, V. and Monteil, E. and Monteno, M. and Obertino, M. M. and Pacher, L. and Pastrone, N. and Pelliccioni, M. and Pinna Angioni, G. L. and Romero, A. and Ruspa, M. and Sacchi, R. and Shchelina, K. and Sola, V. and Solano, A. and Soldi, D. and Staiano, A. and Belforte, S. and Candelise, V. and Casarsa, M. and Cossutti, F. and Da Rold, A. and Della Ricca, G. and Vazzoler, F. and Zanetti, A. and Kim, D. H. and Kim, G. N. and Kim, M. S. and Lee, J. and Lee, S. and Lee, S. W. and Moon, C. S. and Oh, Y. D. and Pak, S. I. and Sekmen, S. and Son, D. C. and Yang, Y. C. and Kim, H. and Moon, D. H. and Oh, G. and Goh, J. and Kim, T. J. and Cho, S. and Choi, S. and Go, Y. and Gyun, D. and Ha, S. and Hong, B. and Jo, Y. and Lee, K. and Lee, K. S. and Lee, S. and Lim, J. and Park, S. K. and Roh, Y. and Kim, H. S. and Almond, J. and Kim, J. and Kim, J. S. and Lee, H. and Lee, K. and Nam, K. and Oh, S. B. and Radburn-Smith, B. C. and Seo, S. h. and Yang, U. K. and Yoo, H. D. and Yu, G. B. and Jeon, D. and Kim, H. and Kim, J. H. and Lee, J. S. H. and Park, I. C. and Choi, Y. and Hwang, C. and Lee, J. and Yu, I. and Dudenas, V. and Juodagalvis, A. and Vaitkus, J. and Ahmed, I. and Ibrahim, Z. A. and Md Ali, M. A. B. and Mohamad Idris, F. and Wan Abdullah, W. A. T. and Yusli, M. N. and Zolkapli, Z. and Benitez, J. F. and Castaneda Hernandez, A. and Murillo Quijada, J. A. and Castilla-Valdez, H. and De La Cruz-Burelo, E. and Duran-Osuna, M. C. and Heredia-De La Cruz, I. and Lopez-Fernandez, R. and Mejia Guisao, J. and Rabadan-Trejo, R. I. and Ramirez-Garcia, M. and Ramirez-Sanchez, G. and Reyes-Almanza, R. and Sanchez-Hernandez, A. and Carrillo Moreno, S. and Oropeza Barrera, C. and Vazquez Valencia, F. and Eysermans, J. and Pedraza, I. and Salazar Ibarguen, H. A. and Uribe Estrada, C. and Morelos Pineda, A. and Krofcheck, D. and Bheesette, S. and Butler, P. H. and Ahmad, A. and Ahmad, M. and Asghar, M. I. and Hassan, Q. and Hoorani, H. R. and Saddique, A. and Shah, M. A. and Shoaib, M. and Waqas, M. and Bialkowska, H. and Bluj, M. and Boimska, B. and Frueboes, T. and G\'orski, M. and Kazana, M. and Szleper, M. and Traczyk, P. and Zalewski, P. and Bunkowski, K. and Byszuk, A. and Doroba, K. and Kalinowski, A. and Konecki, M. and Krolikowski, J. and Misiura, M. and Olszewski, M. and Pyskir, A. and Walczak, M. and Araujo, M. and Bargassa, P. and Beir\~ao Da Cruz E Silva, C. and Di Francesco, A. and Faccioli, P. and Galinhas, B. and Gallinaro, M. and Hollar, J. and Leonardo, N. and Nemallapudi, M. V. and Seixas, J. and Strong, G. and Toldaiev, O. and Vadruccio, D. and Varela, J. and Afanasiev, S. and Bunin, P. and Gavrilenko, M. and Golutvin, I. and Gorbunov, I. and Kamenev, A. and Karjavine, V. and Lanev, A. and Malakhov, A. and Matveev, V. and Moisenz, P. and Palichik, V. and Perelygin, V. and Shmatov, S. and Shulha, S. and Skatchkov, N. and Smirnov, V. and Voytishin, N. and Zarubin, A. and Golovtsov, V. and Ivanov, Y. and Kim, V. and Kuznetsova, E. and Levchenko, P. and Murzin, V. and Oreshkin, V. and Smirnov, I. and Sosnov, D. and Sulimov, V. and Uvarov, L. and Vavilov, S. and Vorobyev, A. and Andreev, Yu. and Dermenev, A. and Gninenko, S. and Golubev, N. and Karneyeu, A. and Kirsanov, M. and Krasnikov, N. and Pashenkov, A. and Tlisov, D. and Toropin, A. and Epshteyn, V. and Gavrilov, V. and Lychkovskaya, N. and Popov, V. and Pozdnyakov, I. and Safronov, G. and Spiridonov, A. and Stepennov, A. and Stolin, V. and Toms, M. and Vlasov, E. and Zhokin, A. and Aushev, T. and Chistov, R. and Danilov, M. and Parygin, P. and Philippov, D. and Polikarpov, S. and Tarkovskii, E. and Andreev, V. and Azarkin, M. and Dremin, I. and Kirakosyan, M. and Rusakov, S. V. and Terkulov, A. and Baskakov, A. and Belyaev, A. and Boos, E. and Bunichev, V. and Dubinin, M. and Dudko, L. and Klyukhin, V. and Kodolova, O. and Korneeva, N. and Lokhtin, I. and Miagkov, I. and Obraztsov, S. and Perfilov, M. and Savrin, V. and Volkov, P. and Barnyakov, A. and Blinov, V. and Dimova, T. and Kardapoltsev, L. and Skovpen, Y. and Azhgirey, I. and Bayshev, I. and Bitioukov, S. and Elumakhov, D. and Godizov, A. and Kachanov, V. and Kalinin, A. and Konstantinov, D. and Mandrik, P. and Petrov, V. and Ryutin, R. and Slabospitskii, S. and Sobol, A. and Troshin, S. and Tyurin, N. and Uzunian, A. and Volkov, A. and Babaev, A. and Baidali, S. and Okhotnikov, V. and Adzic, P. and Cirkovic, P. and Devetak, D. and Dordevic, M. and Milosevic, J. and Alcaraz Maestre, J. and \'Alvarez Fern\'andez, A. and Bachiller, I. and Barrio Luna, M. and Brochero Cifuentes, J. A. and Cerrada, M. and Colino, N. and De La Cruz, B. and Delgado Peris, A. and Fernandez Bedoya, C. and Fern\'andez Ramos, J. P. and Flix, J. and Fouz, M. C. and Gonzalez Lopez, O. and Goy Lopez, S. and Hernandez, J. M. and Josa, M. I. and Moran, D. and P\'erez-Calero Yzquierdo, A. and Puerta Pelayo, J. and Redondo, I. and Romero, L. and Soares, M. S. and Triossi, A. and Albajar, C. and de Troc\'oniz, J. F. and Cuevas, J. and Erice, C. and Fernandez Menendez, J. and Folgueras, S. and Gonzalez Caballero, I. and Gonz\'alez Fern\'andez, J. R. and Palencia Cortezon, E. and Rodr\'{\i}guez Bouza, V. and Sanchez Cruz, S. and Vischia, P. and Vizan Garcia, J. M. and Cabrillo, I. J. and Calderon, A. and Chazin Quero, B. and Duarte Campderros, J. and Fernandez, M. and Fern\'andez Manteca, P. J. and Garc\'{\i}a Alonso, A. and Garcia-Ferrero, J. and Gomez, G. and Lopez Virto, A. and Marco, J. and Martinez Rivero, C. and Martinez Ruiz del Arbol, P. and Matorras, F. and Piedra Gomez, J. and Prieels, C. and Rodrigo, T. and Ruiz-Jimeno, A. and Scodellaro, L. and Trevisani, N. and Vila, I. and Vilar Cortabitarte, R. and Wickramage, N. and Abbaneo, D. and Akgun, B. and Auffray, E. and Auzinger, G. and Baillon, P. and Ball, A. H. and Barney, D. and Bendavid, J. and Bianco, M. and Bocci, A. and Botta, C. and Brondolin, E. and Camporesi, T. and Cepeda, M. and Cerminara, G. and Chapon, E. and Chen, Y. and Cucciati, G. and d'Enterria, D. and Dabrowski, A. and Daci, N. and Daponte, V. and David, A. and De Roeck, A. and Deelen, N. and Dobson, M. and D\"unser, M. and Dupont, N. and Elliott-Peisert, A. and Everaerts, P. and Fallavollita, F. and Fasanella, D. and Franzoni, G. and Fulcher, J. and Funk, W. and Gigi, D. and Gilbert, A. and Gill, K. and Glege, F. and Guilbaud, M. and Gulhan, D. and Hegeman, J. and Heidegger, C. and Innocente, V. and Jafari, A. and Janot, P. and Karacheban, O. and Kieseler, J. and Kornmayer, A. and Krammer, M. and Lange, C. and Lecoq, P. and Louren\ifmmode \mbox{\c{c}}\else \c{c}\fi{}o, C. and Malgeri, L. and Mannelli, M. and Meijers, F. and Merlin, J. A. and Mersi, S. and Meschi, E. and Milenovic, P. and Moortgat, F. and Mulders, M. and Ngadiuba, J. and Nourbakhsh, S. and Orfanelli, S. and Orsini, L. and Pantaleo, F. and Pape, L. and Perez, E. and Peruzzi, M. and Petrilli, A. and Petrucciani, G. and Pfeiffer, A. and Pierini, M. and Pitters, F. M. and Rabady, D. and Racz, A. and Reis, T. and Rolandi, G. and Rovere, M. and Sakulin, H. and Sch\"afer, C. and Schwick, C. and Seidel, M. and Selvaggi, M. and Sharma, A. and Silva, P. and Sphicas, P. and Stakia, A. and Steggemann, J. and Tosi, M. and Treille, D. and Tsirou, A. and Veckalns, V. and Verzetti, M. and Zeuner, W. D. and Caminada, L. and Deiters, K. and Erdmann, W. and Horisberger, R. and Ingram, Q. and Kaestli, H. C. and Kotlinski, D. and Langenegger, U. and Rohe, T. and Wiederkehr, S. A. and Backhaus, M. and B\"ani, L. and Berger, P. and Chernyavskaya, N. and Dissertori, G. and Dittmar, M. and Doneg\`a, M. and Dorfer, C. and G\'omez Espinosa, T. A. and Grab, C. and Hits, D. and Klijnsma, T. and Lustermann, W. and Manzoni, R. A. and Marionneau, M. and Meinhard, M. T. and Micheli, F. and Musella, P. and Nessi-Tedaldi, F. and Pata, J. and Pauss, F. and Perrin, G. and Perrozzi, L. and Pigazzini, S. and Quittnat, M. and Reissel, C. and Ruini, D. and Sanz Becerra, D. A. and Sch\"onenberger, M. and Shchutska, L. and Tavolaro, V. R. and Theofilatos, K. and Vesterbacka Olsson, M. L. and Wallny, R. and Zhu, D. H. and Aarrestad, T. K. and Amsler, C. and Brzhechko, D. and Canelli, M. F. and De Cosa, A. and Del Burgo, R. and Donato, S. and Galloni, C. and Hreus, T. and Kilminster, B. and Leontsinis, S. and Neutelings, I. and Pinna, D. and Rauco, G. and Robmann, P. and Salerno, D. and Schweiger, K. and Seitz, C. and Takahashi, Y. and Zucchetta, A. and Chang, Y. H. and Cheng, K. y. and Doan, T. H. and Khurana, R. and Kuo, C. M. and Lin, W. and Pozdnyakov, A. and Yu, S. S. and Chang, P. and Chao, Y. and Chen, K. F. and Chen, P. H. and Hou, W.-S. and Kumar, Arun and Liu, Y. F. and Lu, R.-S. and Paganis, E. and Psallidas, A. and Steen, A. and Asavapibhop, B. and Srimanobhas, N. and Suwonjandee, N. and Bat, A. and Boran, F. and Cerci, S. and Damarseckin, S. and Demiroglu, Z. S. and Dolek, F. and Dozen, C. and Dumanoglu, I. and Girgis, S. and Gokbulut, G. and Guler, Y. and Gurpinar, E. and Hos, I. and Isik, C. and Kangal, E. E. and Kara, O. and Kayis Topaksu, A. and Kiminsu, U. and Oglakci, M. and Onengut, G. and Ozdemir, K. and Ozturk, S. and Sunar Cerci, D. and Tali, B. and Tok, U. G. and Turkcapar, S. and Zorbakir, I. S. and Zorbilmez, C. and Isildak, B. and Karapinar, G. and Yalvac, M. and Zeyrek, M. and Atakisi, I. O. and G\"ulmez, E. and Kaya, M. and Kaya, O. and Ozkorucuklu, S. and Tekten, S. and Yetkin, E. A. and Agaras, M. N. and Cakir, A. and Cankocak, K. and Komurcu, Y. and Sen, S. and Grynyov, B. and Levchuk, L. and Ball, F. and Beck, L. and Brooke, J. J. and Burns, D. and Clement, E. and Cussans, D. and Davignon, O. and Flacher, H. and Goldstein, J. and Heath, G. P. and Heath, H. F. and Kreczko, L. and Newbold, D. M. and Paramesvaran, S. and Penning, B. and Sakuma, T. and Smith, D. and Smith, V. J. and Taylor, J. and Titterton, A. and Bell, K. W. and Belyaev, A. and Brew, C. and Brown, R. M. and Cieri, D. and Cockerill, D. J. A. and Coughlan, J. A. and Harder, K. and Harper, S. and Linacre, J. and Olaiya, E. and Petyt, D. and Shepherd-Themistocleous, C. H. and Thea, A. and Tomalin, I. R. and Williams, T. and Womersley, W. J. and Bainbridge, R. and Bloch, P. and Borg, J. and Breeze, S. and Buchmuller, O. and Bundock, A. and Colling, D. and Dauncey, P. and Davies, G. and Della Negra, M. and Di Maria, R. and Haddad, Y. and Hall, G. and Iles, G. and James, T. and Komm, M. and Laner, C. and Lyons, L. and Magnan, A.-M. and Malik, S. and Martelli, A. and Nash, J. and Nikitenko, A. and Palladino, V. and Pesaresi, M. and Raymond, D. M. and Richards, A. and Rose, A. and Scott, E. and Seez, C. and Shtipliyski, A. and Singh, G. and Stoye, M. and Strebler, T. and Summers, S. and Tapper, A. and Uchida, K. and Virdee, T. and Wardle, N. and Winterbottom, D. and Wright, J. and Zenz, S. C. and Cole, J. E. and Hobson, P. R. and Khan, A. and Kyberd, P. and Mackay, C. K. and Morton, A. and Reid, I. D. and Teodorescu, L. and Zahid, S. and Call, K. and Dittmann, J. and Hatakeyama, K. and Liu, H. and Madrid, C. and Mcmaster, B. and Pastika, N. and Smith, C. and Bartek, R. and Dominguez, A. and Buccilli, A. and Cooper, S. I. and Henderson, C. and Rumerio, P. and West, C. and Arcaro, D. and Bose, T. and Gastler, D. and Rankin, D. and Richardson, C. and Rohlf, J. and Sulak, L. and Zou, D. and Benelli, G. and Coubez, X. and Cutts, D. and Hadley, M. and Hakala, J. and Heintz, U. and Hogan, J. M. and Kwok, K. H. M. and Laird, E. and Landsberg, G. and Lee, J. and Mao, Z. and Narain, M. and Sagir, S. and Syarif, R. and Usai, E. and Yu, D. and Band, R. and Brainerd, C. and Breedon, R. and Burns, D. and Calderon De La Barca Sanchez, M. and Chertok, M. and Conway, J. and Conway, R. and Cox, P. T. and Erbacher, R. and Flores, C. and Funk, G. and Ko, W. and Kukral, O. and Lander, R. and Mulhearn, M. and Pellett, D. and Pilot, J. and Shalhout, S. and Shi, M. and Stolp, D. and Taylor, D. and Tos, K. and Tripathi, M. and Wang, Z. and Zhang, F. and Bachtis, M. and Bravo, C. and Cousins, R. and Dasgupta, A. and Florent, A. and Hauser, J. and Ignatenko, M. and Mccoll, N. and Regnard, S. and Saltzberg, D. and Schnaible, C. and Valuev, V. and Bouvier, E. and Burt, K. and Clare, R. and Gary, J. W. and Ghiasi Shirazi, S. M. A. and Hanson, G. and Karapostoli, G. and Kennedy, E. and Lacroix, F. and Long, O. R. and Olmedo Negrete, M. and Paneva, M. I. and Si, W. and Wang, L. and Wei, H. and Wimpenny, S. and Yates, B. R. and Branson, J. G. and Chang, P. and Cittolin, S. and Derdzinski, M. and Gerosa, R. and Gilbert, D. and Hashemi, B. and Holzner, A. and Klein, D. and Kole, G. and Krutelyov, V. and Letts, J. and Masciovecchio, M. and Olivito, D. and Padhi, S. and Pieri, M. and Sani, M. and Sharma, V. and Simon, S. and Tadel, M. and Vartak, A. and Wasserbaech, S. and Wood, J. and W\"urthwein, F. and Yagil, A. and Zevi Della Porta, G. and Amin, N. and Bhandari, R. and Bradmiller-Feld, J. and Campagnari, C. and Citron, M. and Dishaw, A. and Dutta, V. and Franco Sevilla, M. and Gouskos, L. and Heller, R. and Incandela, J. and Ovcharova, A. and Qu, H. and Richman, J. and Stuart, D. and Suarez, I. and Wang, S. and Yoo, J. and Anderson, D. and Bornheim, A. and Lawhorn, J. M. and Newman, H. B. and Nguyen, T. Q. and Spiropulu, M. and Vlimant, J. R. and Wilkinson, R. and Xie, S. and Zhang, Z. and Zhu, R. Y. and Andrews, M. B. and Ferguson, T. and Mudholkar, T. and Paulini, M. and Sun, M. and Vorobiev, I. and Weinberg, M. and Cumalat, J. P. and Ford, W. T. and Jensen, F. and Johnson, A. and Krohn, M. and MacDonald, E. and Mulholland, T. and Patel, R. and Stenson, K. and Ulmer, K. A. and Wagner, S. R. and Alexander, J. and Chaves, J. and Cheng, Y. and Chu, J. and Datta, A. and Mcdermott, K. and Mirman, N. and Patterson, J. R. and Quach, D. and Rinkevicius, A. and Ryd, A. and Skinnari, L. and Soffi, L. and Tan, S. M. and Tao, Z. and Thom, J. and Tucker, J. and Wittich, P. and Zientek, M. and Abdullin, S. and Albrow, M. and Alyari, M. and Apollinari, G. and Apresyan, A. and Apyan, A. and Banerjee, S. and Bauerdick, L. A. T. and Beretvas, A. and Berryhill, J. and Bhat, P. C. and Bolla, G. and Burkett, K. and Butler, J. N. and Canepa, A. and Cerati, G. B. and Cheung, H. W. K. and Chlebana, F. and Cremonesi, M. and Duarte, J. and Elvira, V. D. and Freeman, J. and Gecse, Z. and Gottschalk, E. and Gray, L. and Green, D. and Gr\"unendahl, S. and Gutsche, O. and Hanlon, J. and Harris, R. M. and Hasegawa, S. and Hirschauer, J. and Hu, Z. and Jayatilaka, B. and Jindariani, S. and Johnson, M. and Joshi, U. and Klima, B. and Kortelainen, M. J. and Kreis, B. and Lammel, S. and Lincoln, D. and Lipton, R. and Liu, M. and Liu, T. and Lykken, J. and Maeshima, K. and Marraffino, J. M. and Mason, D. and McBride, P. and Merkel, P. and Mrenna, S. and Nahn, S. and O'Dell, V. and Pedro, K. and Pena, C. and Prokofyev, O. and Rakness, G. and Ristori, L. and Savoy-Navarro, A. and Schneider, B. and Sexton-Kennedy, E. and Soha, A. and Spalding, W. J. and Spiegel, L. and Stoynev, S. and Strait, J. and Strobbe, N. and Taylor, L. and Tkaczyk, S. and Tran, N. V. and Uplegger, L. and Vaandering, E. W. and Vernieri, C. and Verzocchi, M. and Vidal, R. and Wang, M. and Weber, H. A. and Whitbeck, A. and Acosta, D. and Avery, P. and Bortignon, P. and Bourilkov, D. and Brinkerhoff, A. and Cadamuro, L. and Carnes, A. and Carver, M. and Curry, D. and Field, R. D. and Gleyzer, S. V. and Joshi, B. M. and Konigsberg, J. and Korytov, A. and Lo, K. H. and Ma, P. and Matchev, K. and Mei, H. and Mitselmakher, G. and Rosenzweig, D. and Shi, K. and Sperka, D. and Wang, J. and Wang, S. and Zuo, X. and Joshi, Y. R. and Linn, S. and Ackert, A. and Adams, T. and Askew, A. and Hagopian, S. and Hagopian, V. and Johnson, K. F. and Kolberg, T. and Martinez, G. and Perry, T. and Prosper, H. and Saha, A. and Schiber, C. and Yohay, R. and Baarmand, M. M. and Bhopatkar, V. and Colafranceschi, S. and Hohlmann, M. and Noonan, D. and Rahmani, M. and Roy, T. and Yumiceva, F. and Adams, M. R. and Apanasevich, L. and Berry, D. and Betts, R. R. and Cavanaugh, R. and Chen, X. and Dittmer, S. and Evdokimov, O. and Gerber, C. E. and Hangal, D. A. and Hofman, D. J. and Jung, K. and Kamin, J. and Mills, C. and Sandoval Gonzalez, I. D. and Tonjes, M. B. and Trauger, H. and Varelas, N. and Wang, H. and Wang, X. and Wu, Z. and Zhang, J. and Alhusseini, M. and Bilki, B. and Clarida, W. and Dilsiz, K. and Durgut, S. and Gandrajula, R. P. and Haytmyradov, M. and Khristenko, V. and Merlo, J.-P. and Mestvirishvili, A. and Moeller, A. and Nachtman, J. and Ogul, H. and Onel, Y. and Ozok, F. and Penzo, A. and Snyder, C. and Tiras, E. and Wetzel, J. and Blumenfeld, B. and Cocoros, A. and Eminizer, N. and Fehling, D. and Feng, L. and Gritsan, A. V. and Hung, W. T. and Maksimovic, P. and Roskes, J. and Sarica, U. and Swartz, M. and Xiao, M. and You, C. and Al-bataineh, A. and Baringer, P. and Bean, A. and Boren, S. and Bowen, J. and Bylinkin, A. and Castle, J. and Khalil, S. and Kropivnitskaya, A. and Majumder, D. and Mcbrayer, W. and Murray, M. and Rogan, C. and Sanders, S. and Schmitz, E. and Tapia Takaki, J. D. and Wang, Q. and Duric, S. and Ivanov, A. and Kaadze, K. and Kim, D. and Maravin, Y. and Mendis, D. R. and Mitchell, T. and Modak, A. and Mohammadi, A. and Saini, L. K. and Skhirtladze, N. and Rebassoo, F. and Wright, D. and Baden, A. and Baron, O. and Belloni, A. and Eno, S. C. and Feng, Y. and Ferraioli, C. and Hadley, N. J. and Jabeen, S. and Jeng, G. Y. and Kellogg, R. G. and Kunkle, J. and Mignerey, A. C. and Nabili, S. and Ricci-Tam, F. and Shin, Y. H. and Skuja, A. and Tonwar, S. C. and Wong, K. and Abercrombie, D. and Allen, B. and Azzolini, V. and Baty, A. and Bauer, G. and Bi, R. and Brandt, S. and Busza, W. and Cali, I. A. and D'Alfonso, M. and Demiragli, Z. and Gomez Ceballos, G. and Goncharov, M. and Harris, P. and Hsu, D. and Hu, M. and Iiyama, Y. and Innocenti, G. M. and Klute, M. and Kovalskyi, D. and Lee, Y.-J. and Luckey, P. D. and Maier, B. and Marini, A. C. and Mcginn, C. and Mironov, C. and Narayanan, S. and Niu, X. and Paus, C. and Roland, C. and Roland, G. and Stephans, G. S. F. and Sumorok, K. and Tatar, K. and Velicanu, D. and Wang, J. and Wang, T. W. and Wyslouch, B. and Zhaozhong, S. and Benvenuti, A. C. and Chatterjee, R. M. and Evans, A. and Hansen, P. and Jain, Sh. and Kalafut, S. and Kubota, Y. and Lesko, Z. and Mans, J. and Ruckstuhl, N. and Rusack, R. and Turkewitz, J. and Wadud, M. A. and Acosta, J. G. and Oliveros, S. and Avdeeva, E. and Bloom, K. and Claes, D. R. and Fangmeier, C. and Golf, F. and Gonzalez Suarez, R. and Kamalieddin, R. and Kravchenko, I. and Monroy, J. and Siado, J. E. and Snow, G. R. and Stieger, B. and Godshalk, A. and Harrington, C. and Iashvili, I. and Kharchilava, A. and Mclean, C. and Nguyen, D. and Parker, A. and Rappoccio, S. and Roozbahani, B. and Alverson, G. and Barberis, E. and Freer, C. and Hortiangtham, A. and Morse, D. M. and Orimoto, T. and Teixeira De Lima, R. and Wamorkar, T. and Wang, B. and Wisecarver, A. and Wood, D. and Bhattacharya, S. and Charaf, O. and Hahn, K. A. and Mucia, N. and Odell, N. and Schmitt, M. H. and Sung, K. and Trovato, M. and Velasco, M. and Bucci, R. and Dev, N. and Hildreth, M. and Hurtado Anampa, K. and Jessop, C. and Karmgard, D. J. and Kellams, N. and Lannon, K. and Li, W. and Loukas, N. and Marinelli, N. and Meng, F. and Mueller, C. and Musienko, Y. and Planer, M. and Reinsvold, A. and Ruchti, R. and Siddireddy, P. and Smith, G. and Taroni, S. and Wayne, M. and Wightman, A. and Wolf, M. and Woodard, A. and Alimena, J. and Antonelli, L. and Bylsma, B. and Durkin, L. S. and Flowers, S. and Francis, B. and Hart, A. and Hill, C. and Ji, W. and Ling, T. Y. and Luo, W. and Winer, B. L. and Cooperstein, S. and Elmer, P. and Hardenbrook, J. and Higginbotham, S. and Kalogeropoulos, A. and Lange, D. and Lucchini, M. T. and Luo, J. and Marlow, D. and Mei, K. and Ojalvo, I. and Olsen, J. and Palmer, C. and Pirou\'e, P. and Salfeld-Nebgen, J. and Stickland, D. and Tully, C. and Malik, S. and Norberg, S. and Barker, A. and Barnes, V. E. and Das, S. and Gutay, L. and Jones, M. and Jung, A. W. and Khatiwada, A. and Mahakud, B. and Miller, D. H. and Neumeister, N. and Peng, C. C. and Piperov, S. and Qiu, H. and Schulte, J. F. and Sun, J. and Wang, F. and Xiao, R. and Xie, W. and Cheng, T. and Dolen, J. and Parashar, N. and Chen, Z. and Ecklund, K. M. and Freed, S. and Geurts, F. J. M. and Kilpatrick, M. and Li, W. and Padley, B. P. and Redjimi, R. and Roberts, J. and Rorie, J. and Shi, W. and Tu, Z. and Zabel, J. and Zhang, A. and Bodek, A. and de Barbaro, P. and Demina, R. and Duh, Y. t. and Dulemba, J. L. and Fallon, C. and Ferbel, T. and Galanti, M. and Garcia-Bellido, A. and Han, J. and Hindrichs, O. and Khukhunaishvili, A. and Tan, P. and Taus, R. and Agapitos, A. and Chou, J. P. and Gershtein, Y. and Halkiadakis, E. and Heindl, M. and Hughes, E. and Kaplan, S. and Kunnawalkam Elayavalli, R. and Kyriacou, S. and Lath, A. and Montalvo, R. and Nash, K. and Osherson, M. and Saka, H. and Salur, S. and Schnetzer, S. and Sheffield, D. and Somalwar, S. and Stone, R. and Thomas, S. and Thomassen, P. and Walker, M. and Delannoy, A. G. and Heideman, J. and Riley, G. and Spanier, S. and Bouhali, O. and Celik, A. and Dalchenko, M. and De Mattia, M. and Delgado, A. and Dildick, S. and Eusebi, R. and Gilmore, J. and Huang, T. and Kamon, T. and Luo, S. and Mueller, R. and Perloff, A. and Perni\`e, L. and Rathjens, D. and Safonov, A. and Akchurin, N. and Damgov, J. and De Guio, F. and Dudero, P. R. and Kunori, S. and Lamichhane, K. and Lee, S. W. and Mengke, T. and Muthumuni, S. and Peltola, T. and Undleeb, S. and Volobouev, I. and Wang, Z. and Greene, S. and Gurrola, A. and Janjam, R. and Johns, W. and Maguire, C. and Melo, A. and Ni, H. and Padeken, K. and Ruiz Alvarez, J. D. and Sheldon, P. and Tuo, S. and Velkovska, J. and Verweij, M. and Xu, Q. and Arenton, M. W. and Barria, P. and Cox, B. and Hirosky, R. and Joyce, M. and Ledovskoy, A. and Li, H. and Neu, C. and Sinthuprasith, T. and Wang, Y. and Wolfe, E. and Xia, F. and Harr, R. and Karchin, P. E. and Poudyal, N. and Sturdy, J. and Thapa, P. and Zaleski, S. and Brodski, M. and Buchanan, J. and Caillol, C. and Carlsmith, D. and Dasu, S. and Dodd, L. and Gomber, B. and Grothe, M. and Herndon, M. and Herv\'e, A. and Hussain, U. and Klabbers, P. and Lanaro, A. and Long, K. and Loveless, R. and Ruggles, T. and Savin, A. and Sharma, V. and Smith, N. and Smith, W. H. and Woods, N.},
  collaboration = {CMS Collaboration},
  journal = {Phys. Rev. Lett.},
  volume = {121},
  issue = {22},
  pages = {221802},
  numpages = {18},
  year = {2018},
  month = {Nov},
  publisher = {American Physical Society},
  doi = {10.1103/PhysRevLett.121.221802},
  url = {https://link.aps.org/doi/10.1103/PhysRevLett.121.221802}
}

@article{singletop1,
  title = {Observation of Single Top-Quark Production},
  author = {Abazov, V. M. and Abbott, B. and Abolins, M. and Acharya, B. S. and Adams, M. and Adams, T. and Aguilo, E. and Ahsan, M. and Alexeev, G. D. and Alkhazov, G. and Alton, A. and Alverson, G. and Alves, G. A. and Ancu, L. S. and Andeen, T. and Anzelc, M. S. and Aoki, M. and Arnoud, Y. and Arov, M. and Arthaud, M. and Askew, A. and \AA{}sman, B. and Atramentov, O. and Avila, C. and BackusMayes, J. and Badaud, F. and Bagby, L. and Baldin, B. and Bandurin, D. V. and Banerjee, P. and Banerjee, S. and Barberis, E. and Barfuss, A.-F. and Bargassa, P. and Baringer, P. and Barreto, J. and Bartlett, J. F. and Bassler, U. and Bauer, D. and Beale, S. and Bean, A. and Begalli, M. and Begel, M. and Belanger-Champagne, C. and Bellantoni, L. and Bellavance, A. and Benitez, J. A. and Beri, S. B. and Bernardi, G. and Bernhard, R. and Bertram, I. and Besan\ifmmode \mbox{\c{c}}\else \c{c}\fi{}on, M. and Beuselinck, R. and Bezzubov, V. A. and Bhat, P. C. and Bhatnagar, V. and Blazey, G. and Blessing, S. and Bloom, K. and Boehnlein, A. and Boline, D. and Bolton, T. A. and Boos, E. E. and Borissov, G. and Bose, T. and Brandt, A. and Brock, R. and Brooijmans, G. and Bross, A. and Brown, D. and Bu, X. B. and Buchanan, N. J. and Buchholz, D. and Buehler, M. and Buescher, V. and Bunichev, V. and Burdin, S. and Burnett, T. H. and Buszello, C. P. and Calfayan, P. and Calpas, B. and Calvet, S. and Cammin, J. and Carrasco-Lizarraga, M. A. and Carrera, E. and Carvalho, W. and Casey, B. C. K. and Castilla-Valdez, H. and Chakrabarti, S. and Chakraborty, D. and Chan, K. M. and Chandra, A. and Cheu, E. and Cho, D. K. and Choi, S. and Choudhary, B. and Christofek, L. and Christoudias, T. and Cihangir, S. and Claes, D. and Clutter, J. and Coadou, Y. and Cooke, M. and Cooper, W. E. and Corcoran, M. and Couderc, F. and Cousinou, M.-C. and Cr\'ep\'e-Renaudin, S. and Cuplov, V. and Cutts, D. and \ifmmode \acute{C}\else \'{C}\fi{}wiok, M. and Das, A. and Davies, G. and De, K. and de Jong, S. J. and De La Cruz-Burelo, E. and DeVaughan, K. and D\'eliot, F. and Demarteau, M. and Demina, R. and Denisov, D. and Denisov, S. P. and Desai, S. and Diehl, H. T. and Diesburg, M. and Dominguez, A. and Dorland, T. and Dubey, A. and Dudko, L. V. and Duflot, L. and Duggan, D. and Duperrin, A. and Dutt, S. and Dyshkant, A. and Eads, M. and Edmunds, D. and Ellison, J. and Elvira, V. D. and Enari, Y. and Eno, S. and Ermolov, P. and Escalier, M. and Evans, H. and Evdokimov, A. and Evdokimov, V. N. and Ferapontov, A. V. and Ferbel, T. and Fiedler, F. and Filthaut, F. and Fisher, W. and Fisk, H. E. and Fortner, M. and Fox, H. and Fu, S. and Fuess, S. and Gadfort, T. and Galea, C. F. and Garcia-Bellido, A. and Gavrilov, V. and Gay, P. and Geist, W. and Geng, W. and Gerber, C. E. and Gershtein, Y. and Gillberg, D. and Ginther, G. and G\'omez, B. and Goussiou, A. and Grannis, P. D. and Greder, S. and Greenlee, H. and Greenwood, Z. D. and Gregores, E. M. and Grenier, G. and Gris, Ph. and Grivaz, J.-F. and Grohsjean, A. and Gr\"unendahl, S. and Gr\"unewald, M. W. and Guo, F. and Guo, J. and Gutierrez, G. and Gutierrez, P. and Haas, A. and Hadley, N. J. and Haefner, P. and Hagopian, S. and Haley, J. and Hall, I. and Hall, R. E. and Han, L. and Harder, K. and Harel, A. and Hauptman, J. M. and Hays, J. and Hebbeker, T. and Hedin, D. and Hegeman, J. G. and Heinson, A. P. and Heintz, U. and Hensel, C. and Herner, K. and Hesketh, G. and Hildreth, M. D. and Hirosky, R. and Hoang, T. and Hobbs, J. D. and Hoeneisen, B. and Hohlfeld, M. and Hossain, S. and Houben, P. and Hu, Y. and Hubacek, Z. and Huske, N. and Hynek, V. and Iashvili, I. and Illingworth, R. and Ito, A. S. and Jabeen, S. and Jaffr\'e, M. and Jain, S. and Jakobs, K. and Jamin, D. and Jarvis, C. and Jesik, R. and Johns, K. and Johnson, C. and Johnson, M. and Johnston, D. and Jonckheere, A. and Jonsson, P. and Juste, A. and Kajfasz, E. and Karmanov, D. and Kasper, P. A. and Katsanos, I. and Kaushik, V. and Kehoe, R. and Kermiche, S. and Khalatyan, N. and Khanov, A. and Kharchilava, A. and Kharzheev, Y. N. and Khatidze, D. and Kim, T. J. and Kirby, M. H. and Kirsch, M. and Klima, B. and Kohli, J. M. and Konrath, J.-P. and Kozelov, A. V. and Kraus, J. and Kuhl, T. and Kumar, A. and Kupco, A. and Kur\ifmmode \check{c}\else \v{c}\fi{}a, T. and Kuzmin, V. A. and Kvita, J. and Lacroix, F. and Lam, D. and Lammers, S. and Landsberg, G. and Lebrun, P. and Lee, W. M. and Leflat, A. and Lellouch, J. and Li, J. and Li, L. and Li, Q. Z. and Lietti, S. M. and Lim, J. K. and Lincoln, D. and Linnemann, J. and Lipaev, V. V. and Lipton, R. and Liu, Y. and Liu, Z. and Lobodenko, A. and Lokajicek, M. and Love, P. and Lubatti, H. J. and Luna-Garcia, R. and Lyon, A. L. and Maciel, A. K. A. and Mackin, D. and M\"attig, P. and Magerkurth, A. and Mal, P. K. and Malbouisson, H. B. and Malik, S. and Malyshev, V. L. and Maravin, Y. and Martin, B. and McCarthy, R. and McGivern, C. L. and Meijer, M. M. and Melnitchouk, A. and Mendoza, L. and Mercadante, P. G. and Merkin, M. and Merritt, K. W. and Meyer, A. and Meyer, J. and Mitrevski, J. and Mommsen, R. K. and Mondal, N. K. and Moore, R. W. and Moulik, T. and Muanza, G. S. and Mulhearn, M. and Mundal, O. and Mundim, L. and Nagy, E. and Naimuddin, M. and Narain, M. and Neal, H. A. and Negret, J. P. and Neustroev, P. and Nilsen, H. and Nogima, H. and Novaes, S. F. and Nunnemann, T. and O'Neil, D. C. and Obrant, G. and Ochando, C. and Onoprienko, D. and Orduna, J. and Oshima, N. and Osman, N. and Osta, J. and Otec, R. and Otero y Garz\'on, G. J. and Owen, M. and Padilla, M. and Padley, P. and Pangilinan, M. and Parashar, N. and Park, S.-J. and Park, S. K. and Parsons, J. and Partridge, R. and Parua, N. and Patwa, A. and Pawloski, G. and Penning, B. and Perfilov, M. and Peters, K. and Peters, Y. and P\'etroff, P. and Piegaia, R. and Piper, J. and Pleier, M.-A. and Podesta-Lerma, P. L. M. and Podstavkov, V. M. and Pogorelov, Y. and Pol, M.-E. and Polozov, P. and Popov, A. V. and Potter, C. and Prado da Silva, W. L. and Prosper, H. B. and Protopopescu, S. and Qian, J. and Quadt, A. and Quinn, B. and Rakitine, A. and Rangel, M. S. and Ranjan, K. and Ratoff, P. N. and Renkel, P. and Rich, P. and Rijssenbeek, M. and Ripp-Baudot, I. and Rizatdinova, F. and Robinson, S. and Rodrigues, R. F. and Rominsky, M. and Royon, C. and Rubinov, P. and Ruchti, R. and Safronov, G. and Sajot, G. and S\'anchez-Hern\'andez, A. and Sanders, M. P. and Sanghi, B. and Savage, G. and Sawyer, L. and Scanlon, T. and Schaile, D. and Schamberger, R. D. and Scheglov, Y. and Schellman, H. and Schliephake, T. and Schlobohm, S. and Schwanenberger, C. and Schwienhorst, R. and Sekaric, J. and Severini, H. and Shabalina, E. and Shamim, M. and Shary, V. and Shchukin, A. A. and Shivpuri, R. K. and Siccardi, V. and Simak, V. and Sirotenko, V. and Skubic, P. and Slattery, P. and Smirnov, D. and Snow, G. R. and Snow, J. and Snyder, S. and S\"oldner-Rembold, S. and Sonnenschein, L. and Sopczak, A. and Sosebee, M. and Soustruznik, K. and Spurlock, B. and Stark, J. and Stolin, V. and Stoyanova, D. A. and Strandberg, J. and Strandberg, S. and Strang, M. A. and Strauss, E. and Strauss, M. and Str\"ohmer, R. and Strom, D. and Stutte, L. and Sumowidagdo, S. and Svoisky, P. and Takahashi, M. and Tanasijczuk, A. and Taylor, W. and Tiller, B. and Tissandier, F. and Titov, M. and Tokmenin, V. V. and Torchiani, I. and Tsybychev, D. and Tuchming, B. and Tully, C. and Tuts, P. M. and Unalan, R. and Uvarov, L. and Uvarov, S. and Uzunyan, S. and Vachon, B. and van den Berg, P. J. and Van Kooten, R. and van Leeuwen, W. M. and Varelas, N. and Varnes, E. W. and Vasilyev, I. A. and Verdier, P. and Vertogradov, L. S. and Verzocchi, M. and Vilanova, D. and Vint, P. and Vokac, P. and Voutilainen, M. and Wagner, R. and Wahl, H. D. and Wang, M. H. L. S. and Warchol, J. and Watts, G. and Wayne, M. and Weber, G. and Weber, M. and Welty-Rieger, L. and Wenger, A. and Wetstein, M. and White, A. and Wicke, D. and Williams, M. R. J. and Wilson, G. W. and Wimpenny, S. J. and Wobisch, M. and Wood, D. R. and Wyatt, T. R. and Xie, Y. and Xu, C. and Yacoob, S. and Yamada, R. and Yang, W.-C. and Yasuda, T. and Yatsunenko, Y. A. and Ye, Z. and Yin, H. and Yip, K. and Yoo, H. D. and Youn, S. W. and Yu, J. and Zeitnitz, C. and Zelitch, S. and Zhao, T. and Zhou, B. and Zhu, J. and Zielinski, M. and Zieminska, D. and Zivkovic, L. and Zutshi, V. and Zverev, E. G.},
  collaboration = {D0 Collaboration},
  journal = {Phys. Rev. Lett.},
  volume = {103},
  issue = {9},
  pages = {092001},
  numpages = {7},
  year = {2009},
  month = {Aug},
  publisher = {American Physical Society},
  doi = {10.1103/PhysRevLett.103.092001},
  url = {https://link.aps.org/doi/10.1103/PhysRevLett.103.092001}
}
@article{Geant4,
title = {Geant4—a simulation toolkit},
journal = {Nuclear Instruments and Methods in Physics Research Section A: Accelerators, Spectrometers, Detectors and Associated Equipment},
volume = {506},
number = {3},
pages = {250-303},
year = {2003},
issn = {0168-9002},
doi = {https://doi.org/10.1016/S0168-9002(03)01368-8},
url = {https://www.sciencedirect.com/science/article/pii/S0168900203013688},
author = {S. Agostinelli and J. Allison and K. Amako and J. Apostolakis and H. Araujo and P. Arce and M. Asai and D. Axen and S. Banerjee and G. Barrand and F. Behner and L. Bellagamba and J. Boudreau and L. Broglia and A. Brunengo and H. Burkhardt and S. Chauvie and J. Chuma and R. Chytracek and G. Cooperman and G. Cosmo and P. Degtyarenko and A. Dell'Acqua and G. Depaola and D. Dietrich and R. Enami and A. Feliciello and C. Ferguson and H. Fesefeldt and G. Folger and F. Foppiano and A. Forti and S. Garelli and S. Giani and R. Giannitrapani and D. Gibin and J.J. {Gómez Cadenas} and I. González and G. {Gracia Abril} and G. Greeniaus and W. Greiner and V. Grichine and A. Grossheim and S. Guatelli and P. Gumplinger and R. Hamatsu and K. Hashimoto and H. Hasui and A. Heikkinen and A. Howard and V. Ivanchenko and A. Johnson and F.W. Jones and J. Kallenbach and N. Kanaya and M. Kawabata and Y. Kawabata and M. Kawaguti and S. Kelner and P. Kent and A. Kimura and T. Kodama and R. Kokoulin and M. Kossov and H. Kurashige and E. Lamanna and T. Lampén and V. Lara and V. Lefebure and F. Lei and M. Liendl and W. Lockman and F. Longo and S. Magni and M. Maire and E. Medernach and K. Minamimoto and P. {Mora de Freitas} and Y. Morita and K. Murakami and M. Nagamatu and R. Nartallo and P. Nieminen and T. Nishimura and K. Ohtsubo and M. Okamura and S. O'Neale and Y. Oohata and K. Paech and J. Perl and A. Pfeiffer and M.G. Pia and F. Ranjard and A. Rybin and S. Sadilov and E. {Di Salvo} and G. Santin and T. Sasaki and N. Savvas and Y. Sawada and S. Scherer and S. Sei and V. Sirotenko and D. Smith and N. Starkov and H. Stoecker and J. Sulkimo and M. Takahata and S. Tanaka and E. Tcherniaev and E. {Safai Tehrani} and M. Tropeano and P. Truscott and H. Uno and L. Urban and P. Urban and M. Verderi and A. Walkden and W. Wander and H. Weber and J.P. Wellisch and T. Wenaus and D.C. Williams and D. Wright and T. Yamada and H. Yoshida and D. Zschiesche},
keywords = {Simulation, Particle interactions, Geometrical modelling, Software engineering, Object-oriented technology, Distributed software development},
abstract = {Geant4 is a toolkit for simulating the passage of particles through matter. It includes a complete range of functionality including tracking, geometry, physics models and hits. The physics processes offered cover a comprehensive range, including electromagnetic, hadronic and optical processes, a large set of long-lived particles, materials and elements, over a wide energy range starting, in some cases, from 250eV and extending in others to the TeV energy range. It has been designed and constructed to expose the physics models utilised, to handle complex geometries, and to enable its easy adaptation for optimal use in different sets of applications. The toolkit is the result of a worldwide collaboration of physicists and software engineers. It has been created exploiting software engineering and object-oriented technology and implemented in the C++ programming language. It has been used in applications in particle physics, nuclear physics, accelerator design, space engineering and medical physics.}
}
@article{singletop2,
  title = {Observation of Electroweak Single Top-Quark Production},
  author = {Aaltonen, T. and Adelman, J. and Akimoto, T. and \'Alvarez Gonz\'alez, B. and Amerio, S. and Amidei, D. and Anastassov, A. and Annovi, A. and Antos, J. and Apollinari, G. and Apresyan, A. and Arisawa, T. and Artikov, A. and Ashmanskas, W. and Attal, A. and Aurisano, A. and Azfar, F. and Badgett, W. and Barbaro-Galtieri, A. and Barnes, V. E. and Barnett, B. A. and Barria, P. and Bartsch, V. and Bauer, G. and Beauchemin, P.-H. and Bedeschi, F. and Beecher, D. and Behari, S. and Bellettini, G. and Bellinger, J. and Benjamin, D. and Beretvas, A. and Beringer, J. and Bhatti, A. and Binkley, M. and Bisello, D. and Bizjak, I. and Blair, R. E. and Blocker, C. and Blumenfeld, B. and Bocci, A. and Bodek, A. and Boisvert, V. and Bolla, G. and Bortoletto, D. and Boudreau, J. and Boveia, A. and Brau, B. and Bridgeman, A. and Brigliadori, L. and Bromberg, C. and Brubaker, E. and Budagov, J. and Budd, H. S. and Budd, S. and Burke, S. and Burkett, K. and Busetto, G. and Bussey, P. and Buzatu, A. and Byrum, K. L. and Cabrera, S. and Calancha, C. and Campanelli, M. and Campbell, M. and Canelli, F. and Canepa, A. and Carls, B. and Carlsmith, D. and Carosi, R. and Carrillo, S. and Carron, S. and Casal, B. and Casarsa, M. and Castro, A. and Catastini, P. and Cauz, D. and Cavaliere, V. and Cavalli-Sforza, M. and Cerri, A. and Cerrito, L. and Chang, S. H. and Chen, Y. C. and Chertok, M. and Chiarelli, G. and Chlachidze, G. and Chlebana, F. and Cho, K. and Chokheli, D. and Chou, J. P. and Choudalakis, G. and Chuang, S. H. and Chung, K. and Chung, W. H. and Chung, Y. S. and Chwalek, T. and Ciobanu, C. I. and Ciocci, M. A. and Clark, A. and Clark, D. and Compostella, G. and Convery, M. E. and Conway, J. and Cordelli, M. and Cortiana, G. and Cox, C. A. and Cox, D. J. and Crescioli, F. and Cuenca Almenar, C. and Cuevas, J. and Culbertson, R. and Cully, J. C. and Dagenhart, D. and Datta, M. and Davies, T. and de Barbaro, P. and De Cecco, S. and Deisher, A. and De Lorenzo, G. and Dell'Orso, M. and Deluca, C. and Demortier, L. and Deng, J. and Deninno, M. and Derwent, P. F. and Di Canto, P. and di Giovanni, G. P. and Dionisi, C. and Di Ruzza, B. and Dittmann, J. R. and D'Onofrio, M. and Donati, S. and Dong, P. and Donini, J. and Dorigo, T. and Dube, S. and Efron, J. and Elagin, A. and Erbacher, R. and Errede, D. and Errede, S. and Eusebi, R. and Fang, H. C. and Farrington, S. and Fedorko, W. T. and Feild, R. G. and Feindt, M. and Fernandez, J. P. and Ferrazza, C. and Field, R. and Flanagan, G. and Forrest, R. and Frank, M. J. and Franklin, M. and Freeman, J. C. and Furic, I. and Gallinaro, M. and Galyardt, J. and Garberson, F. and Garcia, J. E. and Garfinkel, A. F. and Garosi, P. and Genser, K. and Gerberich, H. and Gerdes, D. and Gessler, A. and Giagu, S. and Giakoumopoulou, V. and Giannetti, P. and Gibson, K. and Gimmell, J. L. and Ginsburg, C. M. and Giokaris, N. and Giordani, M. and Giromini, P. and Giunta, M. and Giurgiu, G. and Glagolev, V. and Glenzinski, D. and Gold, M. and Goldschmidt, N. and Golossanov, A. and Gomez, G. and Gomez-Ceballos, G. and Goncharov, M. and Gonz\'alez, O. and Gorelov, I. and Goshaw, A. T. and Goulianos, K. and Gresele, A. and Grinstein, S. and Grosso-Pilcher, C. and Group, R. C. and Grundler, U. and Guimaraes da Costa, J. and Gunay-Unalan, Z. and Haber, C. and Hahn, K. and Hahn, S. R. and Halkiadakis, E. and Han, B.-Y. and Han, J. Y. and Happacher, F. and Hara, K. and Hare, D. and Hare, M. and Harper, S. and Harr, R. F. and Harris, R. M. and Hartz, M. and Hatakeyama, K. and Hays, C. and Heck, M. and Heijboer, A. and Heinrich, J. and Henderson, C. and Herndon, M. and Heuser, J. and Hewamanage, S. and Hidas, D. and Hill, C. S. and Hirschbuehl, D. and Hocker, A. and Hou, S. and Houlden, M. and Hsu, S.-C. and Huffman, B. T. and Hughes, R. E. and Husemann, U. and Hussein, M. and Huston, J. and Incandela, J. and Introzzi, G. and Iori, M. and Ivanov, A. and James, E. and Jang, D. and Jayatilaka, B. and Jeon, E. J. and Jha, M. K. and Jindariani, S. and Johnson, W. and Jones, M. and Joo, K. K. and Jun, S. Y. and Jung, J. E. and Junk, T. R. and Kamon, T. and Kar, D. and Karchin, P. E. and Kato, Y. and Kephart, R. and Keung, J. and Khotilovich, V. and Kilminster, B. and Kim, D. H. and Kim, H. S. and Kim, H. W. and Kim, J. E. and Kim, M. J. and Kim, S. B. and Kim, S. H. and Kim, Y. K. and Kimura, N. and Kirsch, L. and Klimenko, S. and Knuteson, B. and Ko, B. R. and Kondo, K. and Kong, D. J. and Konigsberg, J. and Korytov, A. and Kotwal, A. V. and Kreps, M. and Kroll, J. and Krop, D. and Krumnack, N. and Kruse, M. and Krutelyov, V. and Kubo, T. and Kuhr, T. and Kulkarni, N. P. and Kurata, M. and Kwang, S. and Laasanen, A. T. and Lami, S. and Lammel, S. and Lancaster, M. and Lander, R. L. and Lannon, K. and Lath, A. and Latino, G. and Lazzizzera, I. and LeCompte, T. and Lee, E. and Lee, H. S. and Lee, S. W. and Leone, S. and Lewis, J. D. and Lin, C.-S. and Linacre, J. and Lindgren, M. and Lipeles, E. and Liss, T. M. and Lister, A. and Litvintsev, D. O. and Liu, C. and Liu, T. and Lockyer, N. S. and Loginov, A. and Loreti, M. and Lovas, L. and Lucchesi, D. and Luci, C. and Lueck, J. and Lujan, P. and Lukens, P. and Lungu, G. and Lyons, L. and Lys, J. and Lysak, R. and MacQueen, D. and Madrak, R. and Maeshima, K. and Makhoul, K. and Maki, T. and Maksimovic, P. and Malde, S. and Malik, S. and Manca, G. and Manousakis-Katsikakis, A. and Margaroli, F. and Marino, C. and Marino, C. P. and Martin, A. and Martin, V. and Mart\'{\i}nez, M. and Mart\'{\i}nez-Ballar\'{\i}n, R. and Maruyama, T. and Mastrandrea, P. and Masubuchi, T. and Mathis, M. and Mattson, M. E. and Mazzanti, P. and McFarland, K. S. and McIntyre, P. and McNulty, R. and Mehta, A. and Mehtala, P. and Menzione, A. and Merkel, P. and Mesropian, C. and Miao, T. and Miladinovic, N. and Miller, R. and Mills, C. and Milnik, M. and Mitra, A. and Mitselmakher, G. and Miyake, H. and Moggi, N. and Moon, C. S. and Moore, R. and Morello, M. J. and Morlock, J. and Movilla Fernandez, P. and M\"ulmenst\"adt, J. and Mukherjee, A. and Muller, Th. and Mumford, R. and Murat, P. and Mussini, M. and Nachtman, J. and Nagai, Y. and Nagano, A. and Naganoma, J. and Nakamura, K. and Nakano, I. and Napier, A. and Necula, V. and Nett, J. and Neu, C. and Neubauer, M. S. and Neubauer, S. and Nielsen, J. and Nodulman, L. and Norman, M. and Norniella, O. and Nurse, E. and Oakes, L. and Oh, S. H. and Oh, Y. D. and Oksuzian, I. and Okusawa, T. and Orava, R. and Osterberg, K. and Pagan Griso, S. and Palencia, E. and Papadimitriou, V. and Papaikonomou, A. and Paramonov, A. A. and Parks, B. and Pashapour, S. and Patrick, J. and Pauletta, G. and Paulini, M. and Paus, C. and Peiffer, T. and Pellett, D. E. and Penzo, A. and Phillips, T. J. and Piacentino, G. and Pianori, E. and Pinera, L. and Pitts, K. and Plager, C. and Pondrom, L. and Potamianos, K. and Poukhov, O. and Pounder, N. and Prakoshyn, F. and Pronko, A. and Proudfoot, J. and Ptohos, F. and Pueschel, E. and Punzi, G. and Pursley, J. and Rademacker, J. and Rahaman, A. and Ramakrishnan, V. and Ranjan, N. and Redondo, I. and Renton, P. and Renz, M. and Rescigno, M. and Richter, S. and Rimondi, F. and Ristori, L. and Robson, A. and Rodrigo, T. and Rodriguez, T. and Rogers, E. and Rolli, S. and Roser, R. and Rossi, M. and Rossin, R. and Roy, P. and Ruiz, A. and Russ, J. and Rusu, V. and Rutherford, B. and Saarikko, H. and Safonov, A. and Sakumoto, W. K. and Salt\'o, O. and Santi, L. and Sarkar, S. and Sartori, L. and Sato, K. and Savoy-Navarro, A. and Schlabach, P. and Schmidt, A. and Schmidt, E. E. and Schmidt, M. A. and Schmidt, M. P. and Schmitt, M. and Schwarz, T. and Scodellaro, L. and Scribano, A. and Scuri, F. and Sedov, A. and Seidel, S. and Seiya, Y. and Semenov, A. and Sexton-Kennedy, L. and Sforza, F. and Sfyrla, A. and Shalhout, S. Z. and Shears, T. and Shepard, P. F. and Shimojima, M. and Shiraishi, S. and Shochet, M. and Shon, Y. and Shreyber, I. and Sinervo, P. and Sisakyan, A. and Slaughter, A. J. and Slaunwhite, J. and Sliwa, K. and Smith, J. R. and Snider, F. D. and Snihur, R. and Soha, A. and Somalwar, S. and Sorin, V. and Spalding, J. and Spreitzer, T. and Squillacioti, P. and Stanitzki, M. and St. Denis, R. and Stelzer, B. and Stelzer-Chilton, O. and Stentz, D. and Strologas, J. and Strycker, G. L. and Stuart, D. and Suh, J. S. and Sukhanov, A. and Suslov, I. and Suzuki, T. and Taffard, A. and Takashima, R. and Takeuchi, Y. and Tanaka, R. and Tecchio, M. and Teng, P. K. and Terashi, K. and Thom, J. and Thompson, A. S. and Thompson, G. A. and Thomson, E. and Tipton, P. and Ttito-Guzm\'an, P. and Tkaczyk, S. and Toback, D. and Tokar, S. and Tollefson, K. and Tomura, T. and Tonelli, D. and Torre, S. and Torretta, D. and Totaro, P. and Tourneur, S. and Trovato, M. and Tsai, S.-Y. and Tu, Y. and Turini, N. and Ukegawa, F. and Vallecorsa, S. and van Remortel, N. and Varganov, A. and Vataga, E. and V\'azquez, F. and Velev, G. and Vellidis, C. and Vidal, M. and Vidal, R. and Vila, I. and Vilar, R. and Vine, T. and Vogel, M. and Volobouev, I. and Volpi, G. and Wagner, P. and Wagner, R. G. and Wagner, R. L. and Wagner, W. and Wagner-Kuhr, J. and Wakisaka, T. and Wallny, R. and Wang, S. M. and Warburton, A. and Waters, D. and Weinberger, M. and Weinelt, J. and Wester, W. C. and Whitehouse, B. and Whiteson, D. and Wicklund, A. B. and Wicklund, E. and Wilbur, S. and Williams, G. and Williams, H. H. and Wilson, P. and Winer, B. L. and Wittich, P. and Wolbers, S. and Wolfe, C. and Wright, T. and Wu, X. and W\"urthwein, F. and Xie, S. and Yagil, A. and Yamamoto, K. and Yamaoka, J. and Yang, U. K. and Yang, Y. C. and Yao, W. M. and Yeh, G. P. and Yoh, J. and Yorita, K. and Yoshida, T. and Yu, G. B. and Yu, I. and Yu, S. S. and Yun, J. C. and Zanello, L. and Zanetti, A. and Zhang, X. and Zheng, Y. and Zucchelli, S.},
  collaboration = {CDF Collaboration},
  journal = {Phys. Rev. Lett.},
  volume = {103},
  issue = {9},
  pages = {092002},
  numpages = {8},
  year = {2009},
  month = {Aug},
  publisher = {American Physical Society},
  doi = {10.1103/PhysRevLett.103.092002},
  url = {https://link.aps.org/doi/10.1103/PhysRevLett.103.092002}
}
@misc{singletop3,
      title={Combination of CDF and D0 Measurements of the Single Top Production Cross Section}, 
      author={Tevatron Electroweak Working Group},
      year={2009},
      eprint={0908.2171},
      archivePrefix={arXiv},
      primaryClass={hep-ex}
}

@online{sm_table, 
    author = {Carsten Burgard},
    title = {Example: Standard model of physics},
    url = {https://texample.net/tikz/examples/model-physics/},
    year = {2016},
    month = {12},
    urldate = {2021-06-30}

}
@article{anti_k_t,
   title={The anti-ktjet clustering algorithm},
   volume={2008},
   ISSN={1029-8479},
   url={http://dx.doi.org/10.1088/1126-6708/2008/04/063},
   DOI={10.1088/1126-6708/2008/04/063},
   number={04},
   journal={Journal of High Energy Physics},
   publisher={Springer Science and Business Media LLC},
   author={Cacciari, Matteo and Salam, Gavin P and Soyez, Gregory},
   year={2008},
   month={Apr},
   pages={063–063}
}

@techreport{jet,
      title         = "{Jet algorithms performance in 13 TeV data}",
      institution   = "CERN",
      collaboration = "CMS Collaboration",
      address       = "Geneva",
      reportNumber  = "CMS-PAS-JME-16-003",
      year          = "2017",
      url           = "https://cds.cern.ch/record/2256875",
}
@article{ttgamma,
   title={Measurement of the $t\bar{t}\gamma$ production cross section in proton-proton collisions at $ \sqrt{s}=8 $ TeV with the ATLAS detector},
   volume={2017},
   ISSN={1029-8479},
   url={http://dx.doi.org/10.1007/JHEP11(2017)086},
   DOI={10.1007/jhep11(2017)086},
   number={11},
   journal={Journal of High Energy Physics},
   publisher={Springer Science and Business Media LLC},
   author={Aaboud, M. and Aad, G. and Abbott, B. and Abdinov, O. and Abeloos, B. and Abidi, S. H. and AbouZeid, O. S. and Abraham, N. L. and Abramowicz, H. and et al.},
   year={2017},
   month={Nov}
}
@techreport{btag1,
      title         = "{Identification of Jets Containing $b$-Hadrons with
                       Recurrent Neural Networks at the ATLAS Experiment}",
      institution   = "CERN",
      collaboration = "ATLAS Collaboration",
      address       = "Geneva",
      reportNumber  = "ATL-PHYS-PUB-2017-003",
      month         = "Mar",
      year          = "2017",
      url           = "https://cds.cern.ch/record/2255226",
      note          = "All figures including auxiliary figures are available at
                       https://atlas.web.cern.ch/Atlas/GROUPS/PHYSICS/PUBNOTES/ATL-PHYS-PUB-2017-003",
}
@techreport{btag2,
      title         = "{Identification of Jets Containing $b$-Hadrons with
                       Recurrent Neural Networks at the ATLAS Experiment}",
      institution   = "CERN",
      collaboration = "ATLAS Collaboration",
      address       = "Geneva",
      reportNumber  = "ATL-PHYS-PUB-2017-003",
      month         = "Mar",
      year          = "2017",
      url           = "https://cds.cern.ch/record/2255226",
      note          = "All figures including auxiliary figures are available at
                       https://atlas.web.cern.ch/Atlas/GROUPS/PHYSICS/PUBNOTES/ATL-PHYS-PUB-2017-003",
}
@article{CMS,
    author = "Chatrchyan, S. and others",
    collaboration = "CMS",
    title = "{The CMS Experiment at the CERN LHC}",
    doi = "10.1088/1748-0221/3/08/S08004",
    journal = "JINST",
    volume = "3",
    pages = "S08004",
    year = "2008"
}
@online{Keras,
  title={Keras},
  author={Chollet, Francois and others},
  year={2015},
  publisher={GitHub},
  url={https://github.com/fchollet/keras},
}
@misc{Adam,
      title={Adam: A Method for Stochastic Optimization}, 
      author={Diederik P. Kingma and Jimmy Ba},
      year={2017},
      eprint={1412.6980},
      archivePrefix={arXiv},
      primaryClass={cs.LG}
}
@misc{tensorflow,
title={ {TensorFlow}: Large-Scale Machine Learning on Heterogeneous Systems},
url={https://www.tensorflow.org/},
note={Software available from tensorflow.org},
author={
    Mart\'{\i}n~Abadi and
    Ashish~Agarwal and
    Paul~Barham and
    Eugene~Brevdo and
    Zhifeng~Chen and
    Craig~Citro and
    Greg~S.~Corrado and
    Andy~Davis and
    Jeffrey~Dean and
    Matthieu~Devin and
    Sanjay~Ghemawat and
    Ian~Goodfellow and
    Andrew~Harp and
    Geoffrey~Irving and
    Michael~Isard and
    Yangqing Jia and
    Rafal~Jozefowicz and
    Lukasz~Kaiser and
    Manjunath~Kudlur and
    Josh~Levenberg and
    Dandelion~Man\'{e} and
    Rajat~Monga and
    Sherry~Moore and
    Derek~Murray and
    Chris~Olah and
    Mike~Schuster and
    Jonathon~Shlens and
    Benoit~Steiner and
    Ilya~Sutskever and
    Kunal~Talwar and
    Paul~Tucker and
    Vincent~Vanhoucke and
    Vijay~Vasudevan and
    Fernanda~Vi\'{e}gas and
    Oriol~Vinyals and
    Pete~Warden and
    Martin~Wattenberg and
    Martin~Wicke and
    Yuan~Yu and
    Xiaoqiang~Zheng},
  year={2015},
}

@techreport{intnote,
    author        = "Onyisi, Peter and Erdmann, Johannes and Wendland, Bjoern and Potti, Harish and Kroeninger, Kevin",
    title         = "{Search for single top quark production in association with a photon in $pp$ collisions at $\sqrt{s}$ = 13 TeV with 139 fb$^{-1}$ data collected by the ATLAS experiment}",
    institution   = "CERN",
    address       = "Geneva",
    number        = "ATL-COM-PHYS-2020-213",
    year          = "2020",
    reportNumber  = "ATL-COM-PHYS-2020-213",
    type={\unskip\space},
    url           = "https://cds.cern.ch/record/2712922"
}
% ein Lehrbuch:
@book{kuypers,
    author = {Kuypers, Friedhelm},
    title = {Klassische Mechanik},
    year = {2010},
    publisher = {Wiley-VCH},
    series = {9. Auflage}
}

@BOOK{handbook_adhesives,
  editor =       {Satas, D.},
  TITLE =        {Handbook of pressure sensitive adhesive technology},
  PUBLISHER =    {Van Nostrand Reinhold},
  YEAR =         {1989},
  address =      {New York},
  edition =      {2nd},
}


@article{pdg,
    author = "Zyla, P.A. and others",
    collaboration = "Particle Data Group",
    title = "{Review of Particle Physics}",
    doi = "10.1093/ptep/ptaa104",
    journal = "PTEP",
    volume = "2020",
    number = "8",
    pages = "083C01",
    year = "2020"
}
% Ein in einem Journal veröffentlichter Artikel (Paper):


@ARTICLE{einstein,
  author = {Einstein, A.},
  title = {A Generalization of the relativistic theory of Gravitation},
  journal = {Annals of Mathematics},
  year = {1945},
  volume = {46},
  pages = {578-584},
  number = {4}
  }

% eine Internet Quelle
@MANUAL{siunitx,
    title   = {siunitx - A comprehensive (SI) units package},
    url = {http://mirror.selfnet.de/tex-archive/macros/latex/contrib/siunitx/siunitx.pdf},
    date = {2013},
    author = {Wright, Joseph}
}
@MANUAL{koma,
    title   = {KOMA -Script},
    subtitle = {ein wandelbares LaTeX-Paket},
    url = {http://mirror.selfnet.de/tex-archive/macros/latex/contrib/koma-script/doc/scrguide.pdf},
    date = {2013},
    author = {Kohm, Markus and Morawski, Jens-Uwe}
}
@MANUAL{biblatex,
    title   = {The Biblatex Package},
    subtitle = {Programmable Bibliographies and Citations},
    url = {ftp://ftp.fu-berlin.de/tex/CTAN/macros/latex/contrib/biblatex/doc/biblatex.pdf},
    date = {2014},
    author = {Lehman, Philipp and others}
}
@ELECTRONIC{make,
    title   = {Gnu-Make Homepage},
    url = {http://www.gnu.org/software/make/},
    date = {2014},
}
@ELECTRONIC{toolbox,
    title   = {Pep et al.\ Toolbox -- \LaTeX-Folien},
    url = {http://toolbox.pep-dortmund.org/files/archive/2014/latex.pdf},
    date = {2014},
}
@ELECTRONIC{gitbash,
    title   = {Git Bash - Download},
    url = {http://msysgit.github.io/},
    date = {2014},
}
@ELECTRONIC{pleser,
    title   = {Modern Packages for LaTeX},
    url = {http://philippleser.de/physics/latex},
    date = {2014},
    author = {Leser, Philipp}
}
@MANUAL{l2tabu,
    title   = {Das LATEX2ε-Sündenregister},
    author = {Ensenbach, Marc and Trettin, Mark},
    url = {ftp://ftp.mpi-sb.mpg.de/pub/tex/mirror/ftp.dante.de/pub/tex/info/l2tabu/german/l2tabu.pdf},
    date = {2011},
}
@ELECTRONIC{texmaker,
    title   = {Texmaker},
    subtitle =  {The universal LaTeX editor, Downloads},
    url = {http://www.xm1math.net/texmaker/download.html},
    date = {2014},
}
